2998 4863
1355 348 1791 409 ...ss-.-

521 530 906 607 est,·=quare
964 530 1293 608 permotus
1348 522 1519 587 Baco
1549 517 1954 589 methodum>
2004 538 2187 586 suam
2245 521 2623 597 inductionis

519 634 913 702 transtulerit
948 634 1186 701 ad'res
1231 634 1950 723 investigandas,un
1992 644 2258 703 naturae
2303 636 2468 706 fines
2512 660 2622 707 ex..

517 747 764 829 cedunt,
814 761 879 816 et
904 749 1183 837 qualem
1226 761 1527 818 eventum
1571 748 1723 816 inde
1768 750 2016 837 sperari
2056 748 2289 816 liceat?
2349 812 2355 817 .

690 863 803 929 Illa
847 875 1049 942 aetas,
1103 884 1237 953 qua*
1275 865 1426 932 vixit
1465 868 1637 932 Baco
1686 875 1753 930 et
1796 864 1980 952 cujus
2021 863 2253 931 faciem
2298 867 2440 954 ipse
2483 879 2618 935 tan-

515 998 708 1066 quam
764 977 1163 1045 verissimum
1223 980 1552 1068 exemplar
1606 979 1884 1045 imitatus
1942 990 2044 1046 est
2110 981 2290 1070 (ipse
2342 981 2622 1068 philoso-

511 1092 731 1180 phiam
759 1110 941 1158 suam
969 1104 1222 1182 partum
1253 1095 1791 1182 suitemporis11)
1835 1094 2141 1183 nominat)
2187 1095 2622 1164 taedio-scho-

511 1206 774 1273 lasticae
821 1201 1106 1274 methodi
1155 1220 1341 1298 capta
1387 1221 1541 1276 erat.
1633 1208 1791 1274 Cum
1839 1209 2010 1301 enim
2052 1210 2349 1280 taederet
2393 1211 2625 1279 formu-

511 1320 732 1401 larum,
777 1321 863 1388 ad
904 1343 1046 1409 ‘rem
1076 1325 1282 1412 ipsam
1313 1323 1633 1391 accedere
1664 1322 2009 1390 studebant
2040 1335 2104 1392 et
2140 1325 2623 1394 etiamcertum

512 1433 866 1523 quendam,
920 1437 1099 1505 unde
1146 1439 1482 1528 cogitando
1528 1437 1990 1526 procederent,
2057 1440 2270 1507 locum
2309 1443 2622 1531 attingere

509 1548 836 1638 volebant,
882 1564 949 1620 et
994 1556 1141 1621 cum
1190 1554 1635 1645 cogitationem
1680 1556 2258 1622 veritate·vacuam
2297 1564 2466 1623 ‘esse‘
2499 1556 2620 1623 sibi

510 1669 911 1752 persuasisse
966 1668 1358 1751 viderentur;
1417 1668 1504 1734 ad
1562 1669 2021 1757 experientiam
2067 1690 2228 1737 sese
2286 1683 2620 1738 converte-

508 1791 663 1845 rant.
752 1781 932 1849 Hanc
986 1804 1143 1851 suae
1201 1785 1426 1855 aetatis
1480 1782 1767 1850 indolem
1813 1804 2098 1873 sequens
2139 1785 2310 1852 Baco
2343 1792 2619 1875 'quoque

506 1894 885 1963 methodum
942 1918 1135 1966 suam
1204 1902 1493 1969 invenit.-
1543 1903 1616 1968 In
1682 1898 1916 1967 rebus
1951 1921 2122 1989 quae
2189 1902 2619 1990 experientiae

505 2027 654 2076 sese
700 2011 1004 2100 objiciunt
1050 2016 1457 2104 explorandis
1486 2016 1978 2105 ,philosophiam
2017 2018 2203 2082 sitam
2251 2023 2397 2085 esse
2431 2017 2623 2084 docet

506 2135 574 2188 et
614 2145 759 2192 eam
808 2127 892 2195 ob
941 2151 1094 2209 rem,
1142 2130 1319 2218 quod
1364 2140 1633 2196 naturae
1675 2128 2079 2216 philosophia
2102 2131 2200 2197 his
2231 2133 2429 2198 rebus
2460 2154 2619 2220 ope-

507 2259 641 2306 ram
689 2242 814 2319 det,
862 2244 1026 2309 hanc
1071 2245 1400 2308 scientiam
1450 2243 1726 2307 maxime
1771 2243 2205 2308 necessariam
2253 2257 2317 2310 et
2361 2246 2617 2310 utilissi-

508 2372 675 2418 mam
721 2351 956 2423 laudat.
1048 2354 1116 2420 ld
1146 2357 1332 2422 >enim
1378 2364 1559 2420 recte
1615 2353 1878 2421 videbat
1921 2353 2337 2443 philosophus
2385 2368 2615 2434 noster,

508 2485 629 2534 non
691 2470 780 2533 in·
807 2471 984 2536 vanis
1044 2472 1223 2560 nugis
1269 2487 1484 2561 neque
1532 2471 1723 2537 etiam
1770 2470 1834 2536 in
1879 2469 2163 2537 formulis
2207 2470 2425 2536 vacuis
2469 2489 2614 2534 ver-

506 2584 632 2647 sari
679 2583 1162 2672 philosophiam,
1209 2586 1330 2653 sed
1375 2588 1438 2652 in
1482 2586 1682 2652 rebus
1727 2585 1906 2673 ipsis,
1943 2601 2113 2671 quae
2157 2603 2311 2650 vere
2342 2584 2616 2650 existunt

503 2707 569 2761 et
637 2717 898 2762 causam
954 2718 1139 2765 suam
1198 2722 1235 2767 a
1305 2721 1558 2768 summa
1624 2699 1891 2766 scientia
1954 2698 2313 2786 investigari
2378 2698 2612 2770 volunt.

503 2811 669 2876 Baco
714 2815 1423 2883 contra-‘scholasticum
1461 2819 1710 2881 morem
1741 2810 2172 2880 concludendi
2205 2815 2454 2895 exstitit,
2499 2815 2611 2902 qui

504 2927 793 2994 notiones
848 2927 1033 2997 fictas
1090 2952 1306 3021 neque
1361 2949 1520 2998 vero
1576 2928 1881 3017 probatas
1933 2929 2292 3018 ,praemittit
2348 2938 2413 2995 et
2464 2927 2614 2994 huic

502 3044 723 3129 generi
769 3044 1118 3137 syllogismi
1165 3055 1611 3136 argumentum
1656 3065 1776 3133 per
1820 3044 2250 3111 inductionem
2295 3043 2610 3132 opposuit.

506 3154 662 3221 Cum
721 3160 806 3224 ita
862 3162 947 3227 ad
1002 3182 1143 3228 rem
1202 3164 1409 3249 ipsam
1440 3159 1661 3226 ¹etad
1703 3180 1860 3228 eam*
1895 3158 2611 3247 'explorandamphilo-

504 3270 746 3358 sophus
804 3284 1024 3341 noster
1082 3274 1450 3357 contendat,
1518 3274 1825 3342 libertatis
1881 3274 2134 3363 ingenio
2188 3274 2468 3341 humano
2501 3274 2611 3339 fin-

505 3395 711 3452 natae=
737 3390 1283 3456 sensuBaconem
1316 3390 1667 3462 admodum
1700 3401 2088 3457 commotum
2124 3411 2272 3457 esse
2302 3389 2609 3456 videmus

503 3498 662 3566 Cum
732 3504 900 3570 enim
968 3506 1203 3586 omnia,
1269 3517 1338 3571 ut
1405 3528 1525 3595 pro
1589 3507 1758 3574 veris
1820 3505 2205 3584 habeantur,
2275 3505 2477 3571 oculis
2549 3514 2612 3568 et

503 3635 697 3681 sensu
745 3619 968 3707 inspici
1012 3619 1187 3702 velit,
1244 3622 1306 3687 in
1361 3624 1627 3689 scientia
1684 3642 1802 3688 sua
1847 3622 2016 3687 illam
2063 3619 2258 3686 voluit
2302 3620 2609 3707 attingere

505 3728 878 3813 libertatem,
926 3754 1095 3822 quae
1138 3747 1275 3803 tum
1322 3738 1630 3826 temporis
1663 3737 1854 3804 etiam
1900 3738 1963 3802 in
2011 3733 2208 3800 rebus
2239 3733 2607 3822 religionem

503 3847 935 3940 spectantibus
984 3850 1430 3937 quaerebatur.

682 3960 815 4029 Sed
864 3965 1054 4030 etiam
1102 3966 1223 4032 hoc
1269 3965 1453 4032 facile
1499 3965 1760 4052 intelligi
1807 3905 1966 4044 licet,
2018 3961 2250 4051 quibus
2284 3963 2608 4029 erroribus

500 4131 597 4146 ὼγ-.
618 4136 668 4143 .—

637 4214 730 4282 11)
773 4212 909 4270 Vide
946 4215 1282 4271 dicationem
1319 4214 1453 4270 novi
1492 4213 1715 4283 organi.
1767 4251 1770 4256 -
