2998 4863
406 1862 500 1964 In
556 1895 964 1959 scientiarum
1025 1911 1236 1975 aeque
1297 1913 1374 1956 ac
1430 1914 1650 1956 rerum
1695 1892 2091 1977 publicarum
2141 1892 2399 1956 historia
2445 1908 2524 1953 ea

410 2019 705 2089 tempora
751 2003 924 2091 iique
969 2003 1109 2081 viri,
1159 2004 1266 2090 qui
1316 2002 1399 2068 ob
1448 2022 1743 2090 magnam
1793 2002 2143 2091 quandam,
2192 2022 2386 2089 quam
2431 2012 2524 2066 at-

410 2116 688 2183 tulerunt
745 2137 961 2181 rerum
1021 2119 1580 2185 commutationem
1641 2129 1704 2183 et
1762 2118 2274 2191 conversionem,
2328 2116 2524 2180 incla-

409 2252 628 2310 ruere,
673 2252 790 2296 nos
839 2233 1127 2310 excitant,
1174 2244 1243 2297 ut
1270 2233 1600 2321 peculiare
1640 2232 1917 2300 studium
1951 2233 2026 2297 iis
2059 2225 2523 2319 cognoscendis

403 2345 865 2435 impendamus.
962 2346 1151 2433 Quod
1202 2368 1345 2414 cum
1395 2350 1454 2414 in
1506 2347 1801 2414 omnibus
1851 2346 2225 2435 disciplinis,
2277 2354 2412 2408 tum
2458 2343 2522 2408 in

400 2462 840 2549 philosophiae
888 2463 1147 2528 historia
1178 2485 1449 2530 necesse
1484 2475 1598 2542 est,
1647 2465 1826 2575 cujus
1860 2463 2310 2529 conversiones
2341 2460 2520 2526 novis

397 2578 724 2666 principiis
772 2577 1251 2666 emergentibus
1283 2590 1478 2658 ortae,
1527 2580 1721 2646 menti
1753 2579 2071 2644 humanae
2102 2597 2265 2643 nova
2294 2577 2520 2642 itinera

397 2712 731 2781 novosque
779 2713 1043 2780 campos
1091 2706 1496 2779 aperuerunt.
1600 2695 1771 2761 Inter
1818 2715 1933 2760 eos
1981 2695 2176 2772 viros,
2221 2692 2331 2779 qui
2378 2691 2518 2777 phi-

397 2807 726 2893 losophiae
773 2809 899 2874 hoc
942 2808 1139 2873 modo
1187 2829 1418 2897 magno
1450 2811 1707 2876 fuerunt
1737 2808 2095 2886 commodo,
2141 2807 2515 2873 Franciscus

399 2919 568 2983 Baco
598 2941 721 2985 non
755 2924 1083 2986 minimum
1117 2922 1359 2990 obtinet
1390 2925 1621 3004 locum,
1667 2925 2042 2990 recentioris
2072 2921 2512 3010 philosophiae

400 3051 479 3097 ex
526 3033 718 3098 multa
764 3046 943 3122 parte
991 3049 1226 3103 auctor.
1307 3037 1464 3102 Cum
1515 3039 1684 3103 enim
1731 3040 2180 3126 experientiae,
2227 3057 2343 3123 per
2375 3057 2514 3099 me-

396 3145 575 3212 dium
630 3168 855 3214 aevum
916 3154 1322 3238 praesertim,
1377 3154 1551 3219 casui
1610 3152 1949 3232 obnoxiae,
2006 3154 2067 3217 in
2114 3150 2515 3241 philosophia

382 3262 594 3348 justos
640 3261 801 3329 fines
840 3264 1214 3355 justumque
1260 3289 1446 3333 usum
1493 3269 1829 3347 redderet,
1878 3289 2155 3358 eamque
2204 3268 2288 3333 ad
2336 3268 2511 3355 cogi-

387 3377 696 3444 tationem
742 3379 1031 3459 referret,
1077 3383 1179 3460 ita,
1223 3393 1292 3445 ut
1339 3385 1527 3448 etiam
1575 3384 2012 3471 philosophiae
2060 3384 2271 3472 legem
2322 3382 2506 3448 daret

385 3490 469 3554 ad
530 3492 798 3558 modum
856 3505 920 3559 et
974 3515 1387 3582 progressum
1444 3499 1872 3584 experientiae
1920 3496 2259 3562 incedendi
2308 3506 2371 3560 et
2417 3495 2501 3559 ad

384 3625 530 3672 eam
591 3609 1008 3697 respiciendi;
1069 3630 1294 3675 omnes
1353 3612 1679 3691 scientiaS,
1737 3621 1882 3676 ante
1936 3610 2089 3676 alias
2138 3630 2273 3688 eaS,
2335 3630 2504 3699 quae

380 3721 463 3786 ad
525 3736 794 3791 naturae
842 3726 1271 3814 cognitionem
1316 3738 1636 3816 spectant,
1697 3727 1780 3793 ad
1826 3748 2054 3795 novam
2100 3728 2263 3792 viam
2312 3739 2504 3815 atque

376 3840 755 3907 methodum
793 3840 1078 3922 .inflexit,
1137 3863 1306 3930 quae
1362 3843 1557 3911 hodie
1613 3865 1875 3934 quoque
1921 3845 1982 3909 in
2030 3843 2497 3931 philosophiam

378 3963 767 4044 ceterasque
816 3957 1114 4023 scientias
1159 3959 1284 4024 vim
1334 3980 1516 4025 suam
1565 3971 1838 4026 exercet.
1932 3958 2065 4024 Sed
2113 3979 2282 4047 quae
2329 3959 2498 4023 Baco

376 4062 439 4125 in
486 4066 832 4157 disciplinis
880 4072 964 4137 ad
1009 4084 1273 4139 naturae
1321 4076 1749 4164 cognitionem
1796 4073 2300 4161 philosophicam
2344 4094 2497 4159 per-

373 4176 733 4263 tinentibus,
780 4186 879 4251 vel
929 4186 1358 4270 delineaverit,
1403 4191 1503 4257 vel
1538 4188 1825 4256 effecerit
1855 4211 1891 4252 a
1925 4188 2309 4254 doctissimis
2340 4188 2490 4251 viris

1982 4307 2015 4366 1
