2998 4863
1377 356 1815 419 ..25-

640 531 873 597 Verum
916 526 1252 620 depressio
1296 546 1521 594 eorum
1566 527 1798 617 poterit
1839 526 2086 614 Regem
2128 526 2400 594 fortasse
2437 528 2649 617 ipsum

641 644 843 733 magis
899 641 1259 709 absolutum
1313 642 1625 724 reddere,
1692 641 1813 711 sed
1866 641 2116 709 interim
2181 643 2393 709 minus
2447 651 2650 710 tutum

641 768 707 825 et
749 758 956 823 minus
1002 756 1335 826 efficacem
1379 757 1466 823 ad
1512 778 1607 838 ea,
1652 779 1821 847 quae
1866 758 2065 845 cupit,
2109 753 2522 843 perficienda.
2565 744 2650 810 «ὲ-

642 874 973 959 Quatenus
1030 871 1116 938 ad
1171 871 1419 942 nobiles
1478 871 1809 939 secundae
1856 873 2075 940 classis
2117 890 2346 959 pamm
2388 874 2654 959 periculi

641 986 725 1053 ab
779 987 856 1052 iis
924 1004 1187 1051 manare
1255 987 1514 1073 poterit,
1593 1005 1740 1052 cum
1796 988 1921 1054 sint
1976 1006 2209 1075 corpus
2276 984 2653 1073 dispersum.

630 1103 986 1183 ‚Potuerunt
1027 1099 1114 1164 illi
1161 1099 1428 1188 quidem
1472 1120 1932 1188 nonnunquam
1975 1099 2243 1190 grandia
2285 1100 2486 1188 loqui,
2532 1102 2656 1169 sed

593 1266 596 1271 ⁴
636 1235 765 1283 non
810 1214 1076 1281 multum
1121 1233 1387 1295 nocere;
1434 1216 1590 1304 quin
1617 1215 1813 1281 immo
1858 1214 2113 1283 fovendi
2143 1225 2303 1296 sunt,
2347 1225 2654 1304 tanquam

638 1332 750 1421 qui
769 1378 774 1385 -
791 1330 1143 1423 potentiam
1184 1329 1525 1396 nobilitatis
1583 1330 1928 1416 superioris
1985 1330 2222 1417 optime
2279 1340 2655 1423 temperent,

636 1467 721 1513 ne
787 1443 1131 1512 immodice
1199 1454 1557 1523 excrescat3
1634 1452 1831 1532 atque
1898 1464 2147 1526 rursus,
2224 1465 2372 1512 cum
2435 1444 2656 1534 populi

636 1557 1070 1649 gubernacula
1098 1553 1466 1623 immediate
1498 1567 1786 1641 tractent,
1816 1569 2027 1627 motus
2047 1560 2392 1649 populares
2414 1560 2654 1648 optime

635 1678 1069 1759 compescunt.
1082 1680 1112 1709 “
1382 1740 1386 1744 ,

594 1788 683 1874 ⁵⁰)
731 1783 1150 1866 ‚,Monarchia,
1193 1785 1258 1850 in
1304 1805 1435 1874 qua
1477 1788 1632 1854 nulli
1675 1808 1940 1878 prorsus
1986 1798 2131 1856 sunt
2169 1789 2435 1873 nobileS,
2479 1811 2656 1858 sem«

637 1919 758 1988 per
803 1918 966 1987 pura
1011 1910 1077 1967 et
1122 1898 1418 1971 absoluta
1460 1905 1777 1996 tyrannis:
1836 1906 2016 1995 cujus
2076 1906 2253 1973 modi
2307 1917 2407 1975 est
2447 1909 2655 1996 impe-

631 2015 797 2081 rium
849 2016 1196 2082 Turcicum.
1299 2019 1686 2105 Dignitatem
1750 2019 2038 2108 regalem
2117 2020 2299 2088 diluit
2361 2023 2656 2090 nobilitas

636 2140 702 2199 et
743 2127 913 2217 vulgi
959 2129 1180 2197 oculos
1224 2152 1264 2197 a
1307 2133 1609 2219 prosapia
1653 2133 1854 2222 regali
1909 2133 2371 2222 aliquantulum
2414 2144 2653 2203 avocat.

631 2246 704 2312 In
748 2245 1140 2311 democratia
1182 2264 1337 2309 vero
1383 2263 1693 2330 proceres
1747 2244 2070 2309 interdum
2112 2267 2241 2310 non
2279 2247 2654 2312 desideran-

633 2372 761 2425 tur:
805 2358 1001 2424 immo
1049 2365 1250 2424 status
1280 2355 1387 2424 ille
1417 2356 1744 2447 popularis
1775 2354 1975 2420 multo
2005 2357 2290 2443 pacatior
2319 2369 2419 2421 est
2458 2367 2652 2442 atque

633 2476 841 2543 minus
907 2473 1288 2543 factionibus
1343 2484 1411 2542 et
1465 2472 1666 2539 turbis
1734 2469 2071 2548 obnoxius,
2136 2468 2249 2535 ubi
2313 2489 2442 2536 non
2502 2481 2654 2535 sunt

637 2592 869 2679 stirpes
914 2588 1236 2657 nobilium.
1326 2589 1480 2655 mio.
1517 2590 1690 2655 enim
1746 2586 1811 2651 in
1863 2604 1975 2650 res
2015 2584 2190 2671 ipsas
2236 2584 2404 2652 oculi
2446 2584 2651 2651 homi-

633 2728 787 2773 num
833 2705 1277 2792 conjiciuntur,
1331 2723 1464 2769 non
1515 2702 1582 2768 in
1635 2719 1975 2789 personas;
2043 2700 2147 2767 vel
2191 2701 2246 2766 si
2288 2702 2544 2768 omnino
2588 2701 2651 2765 in

605 2840 967 2911 personas,
1032 2817 1101 2886 id
1154 2815 1251 2897 fit,
1317 2826 1627 2905 tanquam
1679 2816 1745 2882 in
1798 2815 2073 2883 maxime
2102 2875 2105 2880 .
2138 2815 2388 2884 idoneis
2452 2814 2651 2883 rebus

637 2935 962 3028 gerendis,
1001 2932 1262 3001 minime
1305 2952 1457 2998 vero
1502 2941 1571 2997 ut
1612 2932 1773 2999 ratio
1817 2928 2133 2997 habeatur
2174 2931 2511 3019 insignium
2542 2938 2653 2996 aut

640 3054 1001 3143 imaginum.
1102 3049 1258 3113 Tum
1324 3066 1590 3135 quoque
1659 3044 1769 3113 ubi
1826 3046 2063 3135 paritas
2119 3045 2493 3125 admittitur,
2559 3041 2650 3109 ibi

637 3178 705 3233 et
758 3165 1020 3232 consilia
1073 3163 1370 3228 ineuntur
1426 3160 1826 3251 aequabilius
1883 3170 1948 3228 et
2008 3160 2244 3228 tributa
2285 3160 2652 3250 penduntur

635 3279 923 3346 alacrius,
1012 3272 1334 3342 Nobilium
1377 3278 1659 3365 potentia
1705 3287 1769 3344 et
1814 3278 2152 3344 auctoritas
2197 3278 2263 3344 in
2291 3275 2653 3344 Monarchia

631 3392 898 3482 principi
927 3390 1048 3480 ipsi
1078 3390 1359 3478 impertit
1379 3391 1810 3480 splendorem,
1839 3390 1961 3459 sed
1983 3401 2368 3480 potestatem
2396 3390 2649 3468 minuit;

627 3508 849 3598 populi
902 3527 1057 3575 vero
1114 3508 1357 3574 animos
1415 3518 1632 3596 auget,
1700 3507 1980 3574 fortunas
2035 3508 2284 3574 illorum
2331 3503 2648 3593 deprimit.

629 3625 803 3690 Bene
844 3643 992 3690 sese
1037 3643 1143 3690 res
1188 3622 1397 3703 habet,
1444 3641 1592 3689 cum
1636 3621 1885 3690 nobiles
1930 3643 2058 3689 non
2089 3623 2214 3689 sint
2240 3619 2649 3708 potentiores

631 3757 824 3827 quam
885 3746 996 3802 aut
1049 3738 1330 3825 imperii,
1398 3749 1510 3803 aut
1558 3738 1839 3826 justitiae
1883 3739 2043 3803 ratio
2088 3734 2393 3823 postulat,
2462 3734 2525 3798 in
2569 3752 2650 3797 eo

571 3893 574 3898 ·
619 3864 846 3922 ⁴tamen
877 3852 1194 3942 dignitatis
1223 3849 1428 3940 gradu
1458 3852 1905 3929 sustineantur,
1943 3843 2020 3916 'ut
2063 3848 2400 3915 insolentia
2441 3868 2650 3936 popu-

631 3969 780 4035 laris
811 3968 1063 4037 illorum
1086 3966 1458 4043 reverentia,
1485 3976 1795 4052 tanquam
1826 3964 2014 4031 obice
2045 3962 2437 4042 retundatur,
2469 3970 2650 4028 ante-

679 4221 771 4289 5⁰)
809 4218 891 4274 De
927 4215 1230 4274 nobilitate.
1268 4213 1445 4270 Serm.
1483 4214 1576 4273 fid.
1615 4232 1668 4287 p.
1707 4217 1792 4275 36.
1831 4215 1969 4273 Tom
2005 4216 2074 4272 X.
