2998 4863
1408 323 1846 388 -48-

575 509 769 564 tatem
813 498 999 563 variis
1048 480 1375 563 ordinibus
1424 511 1488 563 et
1533 497 1867 578 membris,
1913 497 2088 585 apud
2135 519 2304 587 quae
2350 499 2702 589 hucusque

578 613 796 692 fuerat,
843 624 1131 699 ereptam
1177 624 1242 679 et
1284 611 1709 679 coadunatam
1753 615 1813 679 in
1845 633 2072 679 manus
2105 615 2277 701 regis
2309 612 2704 681 tradendam

580 748 757 806 esse,
811 729 1014 793 itaut
1060 748 1300 808 omneS,
1345 727 1605 793 arbitrio
1663 748 1782 793 suo
1827 738 1891 794 et
1935 726 2226 794 libertate
2274 748 2391 793 sua
2436 730 2706 812 amissa,

577 845 641 909 in
687 842 990 909 ditionem
1038 843 1269 908 summi
1317 843 1586 908 rectoris
1644 843 1958 922 venirent,·
2016 840 2264 908 nobiles
2310 853 2374 908 et
2419 843 2706 931 popula-

576 979 684 1026 res
731 978 769 1023 a
815 959 1087 1045 negotiis
1118 956 1390 1045 publicis
1422 956 1738 1023 arcendos
1771 977 1935 1036 esse,
1979 958 2065 1022 ita
2092 967 2163 1022 nt
2190 956 2337 1022 nihil
2370 958 2433 1022 in
2464 979 2707 1024 eorum

578 1071 841 1138 arbitrio
887 1071 1162 1159 positum
1210 1071 1314 1149 sit,
1361 1089 1578 1157 neque
1627 1071 1817 1135 etiam
1864 1093 2183 1139 summum
2229 1069 2566 1138 concilium
2623 1092 2711 1137 ex

576 1183 898 1252 nobilibus
957 1186 1330 1274 congregari
1387 1204 1611 1272 posse,
1674 1187 1794 1250 nisi
1851 1185 1972 1253 sub
2031 1187 2202 1276 regis
2258 1185 2588 1273 praesidio
2642 1196 2712 1251 et

581 1299 868 1386 imperio,
960 1299 1135 1366 Haec
1181 1300 1494 1366 sententia
1541 1310 1677 1366 tum
1723 1303 2036 1388 temporis
2082 1301 2335 1368 invaluit
2380 1311 2444 1366 et
2488 1301 2714 1366 omni-

580 1415 699 1481 bus
756 1413 1110 1481 civitatibus
1166 1434 1394 1481 novam
1450 1414 1718 1480 formam
1777 1435 2104 1504 novasque
2158 1416 2339 1505 leges
2396 1415 2710 1494 condidit,

584 1539 657 1595 ut
701 1549 870 1617 quae
916 1549 1034 1615 per
1079 1526 1364 1594 medinm
1411 1548 1639 1594 aevum
1687 1527 1993 1616 disjectae
2026 1528 2274 1595 fuerant
2303 1528 2716 1617 reipublicae

582 1653 818 1730 partes
865 1642 948 1707 ad
996 1663 1193 1708 unum
1240 1642 1491 1729 apicem
1541 1653 2149 1709 consummarentur.
2239 1644 2375 1711 Hoc
2418 1643 2716 1711 studium

585 1767 651 1822 et
709 1756 1039 1822 consilium
1094 1757 1200 1824 illo
1260 1769 1553 1847 tempore
1622 1757 1959 1824 invaluisse
2015 1768 2081 1824 et
2137 1759 2200 1823 in
2268 1780 2494 1826 omnes
2557 1781 2714 1827 res-

587 1870 879 1960 publicas
923 1873 1217 1965 Europae
1266 1872 1657 1940 dominatum
1704 1894 1883 1956 esse,
1928 1884 2058 1940 tam
2105 1874 2458 1964 eleganter,
2505 1895 2711 1964 quam

585 2009 737 2055 vere
771 1988 1118 2055 Rankius
1169 1990 1232 2054 in
1284 1990 1519 2057 scholis
1551 1991 1683 2055 suis
1733 1988 1816 2055 de
1862 1991 2292 2056 recentiorum
2336 1975 2700 2077 temporum

584 2103 845 2170 historia
891 2113 1164 2191 exponit.
1255 2104 1414 2171 Huic
1461 2103 1815 2170 sententiae
1862 2104 2030 2169 Baco
2079 2125 2341 2193 quoque
2402 2104 2707 2171 addictus

589 2229 715 2285 est:
788 2238 989 2305 quare
1046 2215 1317 2282 liberum
1381 2215 1712 2283 arbitrium
1769 2216 1941 2301 apud
1998 2237 2220 2303 regem
2288 2228 2485 2284 totum
2553 2238 2709 2283 esse

588 2330 745 2407 vult,
815 2329 1205 2395 consiliarios
1252 2327 1334 2393 ab
1383 2348 1462 2393 eo
1512 2327 1842 2415 eligendos
1889 2348 2064 2405 esse,
2122 2343 2187 2392 et
2232 2328 2314 2393 ab
2363 2331 2502 2413 ejus
2546 2349 2714 2391 auc-

593 2444 848 2510 toritate
893 2442 1185 2530 pendere
1231 2444 1427 2531 ponit.
1520 2444 1589 2507 In
1637 2442 1902 2508 summis
1946 2450 2191 2507 tantum
2233 2439 2431 2507 rebus
2478 2450 2542 2506 et
2585 2458 2713 2503 ne-

592 2558 777 2647 gotiis
823 2557 993 2645 regis
1041 2559 1281 2623 amicos
1327 2567 1676 2645 occupatos
1723 2576 1872 2622 esse
1917 2555 2072 2634 vult,
2120 2555 2239 2622 sed
2282 2556 2392 2634 ita,
2437 2565 2506 2621 ut
2548 2572 2714 2621 con-

594 2672 747 2739 siliis
809 2682 1050 2737 tantum
1100 2681 1164 2736 et
1208 2669 1548 2759 prudentia
1593 2689 1710 2736 sua
1753 2671 1923 2760 regis
1977 2669 2361 2739 voluntatem
2406 2668 2717 2759 adjuvent

591 2796 657 2853 et
705 2786 763 2852 ei
810 2785 1039 2852 auxilio
1085 2785 1222 2851 sint.
1298 2785 1509 2851 Facile
1557 2795 1840 2873 apparet,
1886 2808 1924 2853 a
1962 2788 2215 2853 Bacone
2261 2806 2498 2867 veram,
2538 2782 2711 2849 libe-

590 2922 863 2991 ramque
935 2912 1225 2969 naturam
1280 2901 1677 2990 reipublicae
1733 2901 2017 2968 nondum
2074 2912 2480 2991 perspectam
2538 2919 2707 2966 esse.

592 3019 868 3085 Historia
924 3019 1064 3106 ipsa
1121 3018 1435 3084 seriorum
1493 3028 1856 3105 temporum
1925 3017 2115 3106 longe
2180 3018 2367 3085 aliam
2435 3019 2708 3083 sormam

592 3135 845 3222 aliaque
917 3134 1190 3200 instituta
1231 3133 1602 3220 .Anglorum
1669 3131 2064 3220 reipublicae
2133 3132 2443 3214 condidit,
2512 3150 2708 3221 quam

595 3269 761 3337 quae
803 3249 975 3313 Baco
1023 3245 1188 3323 vidit,
1235 3257 1301 3310 et
1345 3266 1515 3333 quae
1562 3245 1984 3313 saluberrima
2029 3248 2284 3334 putavit.

749 3659 841 3722 IV.
931 3656 1037 3721 DE
1084 3653 1648 3721 LEGATIONIBUS
1696 3655 1789 3719 ET
1832 3631 2545 3721 NEGOTIATIONIBUS.

648 3826 772 3911 ⁸⁶⁸)
820 3823 881 3901 „l
927 3820 1049 3884 will
1098 3819 1205 3884 tell
1252 3841 1400 3909 you,
1447 3820 1617 3885 what
1661 3840 1795 3885 was
1839 3822 1947 3885 the
1980 3840 2207 3885 course
2251 3820 2315 3884 in
2357 3819 2462 3884 the
2492 3818 2709 3910 happy

687 3934 852 4024 days
900 3933 971 3997 os
1010 3953 1225 4018 queen
1271 3931 1612 4013 Elisabeth,
1656 3933 1869 3998 whom
1919 3934 1962 3996 it
2008 3932 2133 3998 will
2180 3933 2266 4000 be
2297 3955 2379 4000 no
2414 3933 2710 4026 disrepu-

599 4110 684 4117 ---ᾼ
713 4108 1015 4117 ..ἒν-Ρ.-

738 4179 864 4254 863)
899 4179 1110 4238 Advice
1147 4180 1228 4238 111.
1267 4184 1316 4240 l.
1354 4183 1404 4239 2.
1439 4181 1490 4238 3.
1526 4184 1580 4237 4.
1620 4197 1673 4251 p.
1711 4183 1836 4238 448.
