2998 4863
1352 331 1791 395 ...8.-

486 506 822 590 Nusquam
870 504 932 568 in
981 503 1454 570 commentariis
1501 504 1634 570 suis
1666 501 1762 568 ad
1793 501 2092 589 politicen
2124 507 2600 591 pertinentibuS,

485 620 655 683 Baco
713 617 812 683 via
868 617 972 683 illa
1029 637 1067 680 a
1122 616 1308 684 nobis
1370 621 1659 707 exposita
1698 619 1933 696 utitur,
2003 620 2181 705 quod
2235 621 2416 710 Angli
2480 625 2599 711 ipsi

485 731 794 798 viderunt.
886 732 992 798 Sic
1049 732 1350 798 Hallam
1418 735 1712 824 (History
1770 733 1840 798 os
1888 733 2267 801 Litterature
2325 738 2458 807 Vol.
2504 741 2597 804 111.

483 850 542 934 ξ.
586 851 729 939 75);

575 967 658 1043 „lt
702 965 755 1028 is
801 961 1117 1050 probable
1162 961 1299 1027 that
1344 961 1514 1027 Lord
1558 962 1771 1027 Bacon
1815 983 2015 1030 never
2061 964 2252 1030 much
2297 966 2596 1036 followed

566 1100 652 1164 up
701 1078 764 1142 in
808 1077 905 1142 his
953 1098 1096 1142 own
1141 1078 1320 1142 mind
1364 1076 1497 1141 that
1541 1076 1924 1163 application
1969 1078 2039 1142 of
2079 1078 2174 1145 his
2221 1083 2485 1149 method
2533 1094 2595 1148 to

567 1191 1051 1282 psychological
1094 1191 1219 1256 and
1265 1191 1392 1258 still
1435 1191 1568 1257 less
1616 1201 1678 1255 to
1725 1191 1930 1256 moral
1973 1192 2102 1258 and
2130 1196 2408 1281 political
2439 1196 2592 1263 sub-

560 1306 744 1393 jects,
790 1305 996 1373 which
1042 1307 1125 1373 he
1171 1307 1290 1372 has
1338 1305 1649 1372 declared
1694 1306 1955 1372 himself
1991 1317 2058 1373 to
2103 1309 2373 1378 intend.“

652 1421 750 1485 Et.
782 1421 905 1487 hac
962 1424 1101 1509 ipsa
1158 1443 1257 1501 re,
1305 1419 1482 1509 quod
1527 1421 1695 1487 viam
1750 1431 1813 1486 et
1857 1421 2223 1490 Methodum
2269 1432 2450 1491 suam
2507 1427 2589 1492 de

477 1536 612 1600 aliis
661 1535 1007 1623 disciplinis
1053 1538 1292 1625 optime
1337 1536 1662 1618 meritam,
1709 1537 1768 1601 in
1814 1536 1912 1603 his
1957 1536 2244 1624 partibus
2291 1539 2591 1620 deseruit,

476 1649 704 1729 effecit,
749 1661 818 1716 ut
861 1650 1002 1717 illos
1049 1672 1303 1718 errores
1349 1651 1589 1730 vitaret,
1635 1652 1697 1716 in
1746 1671 1912 1738 quos
1956 1652 2095 1718 sine
2142 1652 2340 1722 dubio
2370 1655 2589 1743 lapsus

475 1765 714 1844 suisset,
763 1768 817 1831 si
862 1765 1031 1833 illam
1080 1766 1317 1833 ducem
1363 1767 1616 1833 unicam
1661 1776 1921 1832 secutus
1969 1778 2161 1838 esset.
2250 1772 2409 1837 Nam
2443 1793 2588 1839 eas-

472 1880 623 1946 dem
691 1881 1179 1971 philosophandi
1245 1882 1425 1971 leges
1493 1881 1844 1948 observans
1902 1892 1968 1949 et
2041 1904 2299 1953 omnem
2364 1908 2588 1954 earum

469 1996 873 2064 severitatem
935 2009 997 2064 et
1058 2000 1474 2065 constantiam
1533 2005 1938 2085 persequens
1998 2010 2062 2064 et
2126 2002 2589 2092 philosophiam

470 2116 726 2179 omnem
774 2113 858 2180 ad
905 2134 1050 2178 eam
1096 2112 1386 2201 regulam
1417 2133 1745 2191 revocans,
1790 2111 2154 2180 Hobbesius
2184 2117 2336 2182 nihil
2367 2139 2588 2184 verum

470 2249 616 2294 esse
665 2227 939 2304 tenebat,
986 2229 1105 2292 nisi
1152 2226 1330 2314 quod
1376 2229 1438 2292 in
1484 2249 1716 2293 sensus
1762 2226 2026 2292 caderet
2072 2237 2137 2292 et
2167 2247 2246 2292 ea
2279 2228 2364 2294 de
2390 2249 2585 2295 causa

467 2343 532 2406 in
580 2340 835 2426 politice
883 2359 1028 2404 eam
1073 2342 1451 2408 sententiam
1491 2339 1760 2430 protulit,
1810 2358 1979 2427 quae
2010 2338 2404 2423 reipublicae
2437 2360 2582 2405 cor-

465 2478 587 2545 pus
646 2457 708 2522 in
764 2456 1106 2543 particulas
1163 2480 1202 2523 a
1257 2480 1330 2526 se
1379 2457 1728 2545 disjunctas
1776 2473 1992 2541 neque
2037 2450 2286 2517 vinculo
2334 2452 2580 2517 interno

470 2584 727 2637 coactas
777 2571 1062 2638 diminuit
1107 2583 1172 2639 et
1219 2574 1503 2640 conterit.
1594 2573 1763 2635 Baco
1811 2579 2044 2646 autem,
2093 2585 2241 2630 cum
2287 2585 2437 2630 eum
2481 2567 2579 2631 in..

468 2687 722 2774 genium
771 2685 856 2751 ad
903 2710 1118 2754 veram
1176 2684 1617 2776 philosophiae
1675 2682 1889 2748 ideam
1943 2679 2274 2758 inclinans,
2341 2680 2423 2747 ab
2480 2681 2579 2747 his

466 2800 792 2868 erroribus
839 2814 1188 2880 revocaret,
1236 2799 1450 2864 maluit
1480 2794 1857 2861 methodum
1890 2813 2089 2872 suam,
2137 2794 2316 2882 cujus
2346 2796 2409 2861 in
2440 2797 2577 2866 aliis

466 2918 746 2985 scientiis
795 2918 1102 3010 optimum
1149 2921 1527 3001 proventum
1571 2909 1751 2988 vidit,
1810 2909 2120 2998 abjicere,
2175 2929 2369 2998 quam
2412 2912 2576 2978 tales

461 3034 809 3099 sententias
856 3050 1234 3119 proponere.
1320 3025 1590 3091 Baconis
1637 3026 1847 3092 animo
1893 3039 2153 3114 semper
2199 3025 2575 3093 obversatur

463 3145 566 3210 illa
613 3147 951 3223 sententia,
1000 3164 1167 3231 quae
1216 3138 1681 3228 rempublicam
1728 3129 2031 3230 tanlquam
2081 3162 2313 3230 corpus
2361 3142 2573 3231 quod-

463 3257 613 3322 dam
659 3257 1061 3345 singulariter
1091 3258 1465 3321 instructum
1498 3257 1746 3344 cogitat,
1792 3258 1974 3346 cujus
2007 3256 2296 3324 membra
2326 3243 2585 3326 interno¹

461 3371 745 3460 quodam
792 3370 1040 3438 vinculo
1099 3370 1436 3457 conjuncta
1481 3384 1547 3437 et
1593 3372 2016 3460 conglutinata
2062 3372 2145 3439 ad
2191 3395 2386 3439 unum
2433 3394 2574 3439 om·-

526 3680 689 3719 cesse
736 3670 822 3718 est
872 3669 997 3720 ante
1045 3665 1229 3720 omnia
1278 3665 1618 3737 distinguere
1653 3669 1798 3723 inter
1837 3666 2180 3722 intellectum
2219 3670 2275 3719 et
2311 3662 2571 3732 imagina-

529 3753 768 3820 tionem;
807 3753 927 3808 sive
964 3753 1111 3809 inter
1147 3769 1311 3810 veras
1347 3753 1504 3811 ideas
1541 3761 1598 3810 et
1631 3756 1899 3825 reliquas:
1938 3768 2148 3823 nempe
2172 3750 2349 3819 fictaS,
2386 3750 2570 3817 falsaS,

526 3839 728 3895 dubias
778 3847 834 3896 et
877 3841 1134 3898 absolute
1181 3858 1410 3911 omnes,
1468 3859 1615 3913 quae
1665 3860 1698 3898 a
1740 3841 1861 3898 sola
1907 3839 2181 3896 memoria
2228 3837 2570 3910 dependent.

523 3926 608 3982 Ad
645 3926 786 3984 haec
823 3929 1258 4001 intelligendum,
1296 3930 1511 3999 saltem,
1550 3927 1741 3999 quoad
1777 3927 2077 3984 methodus
2113 3927 2298 3997 exigit,
2335 3943 2451 3983 non
2486 3931 2572 3982 est
2644 3999 2647 4002 Ι

524 4032 673 4087 opus
711 4024 969 4075 naturam
1007 4021 1211 4076 mentis
1249 4036 1354 4090 per
1391 4019 1628 4091 primam
1655 4016 1779 4087 ejus
1805 4033 2035 4072 causam
2061 4029 2428 4086 cognoscere,
2466 4013 2567 4070 sed

520 4104 729 4161 sufficit
762 4108 1016 4165 mentis
1060 4109 1604 4180 perceptionum
1645 4104 2087 4162 historiolam
2137 4105 2564 4162 concinnare

521 4195 719 4252 modo
759 4197 904 4270 1110,
955 4214 1091 4269 quo
1131 4196 1576 4255 Verulamius
1615 4193 1871 4251 docet.“
