2998 4863
1208 356 1648 421 „44-

359 553 500 597 non
559 528 758 597 dedit.
847 530 1017 594 Bene
1075 528 1404 607 intellexit,
1471 530 1712 616 patriae
1774 547 1929 593 suae
1986 528 2164 615 leges
2219 549 2345 596 non
2404 550 2483 595 ex

360 666 502 713 uno
550 643 830 733 quodam
875 645 1184 732 principio
1231 642 1508 721 fluxisse,
1553 646 1671 710 sed
1718 665 1835 730 per
1865 662 2095 731 magna
2126 654 2484 731 temporum

361 762 588 850 spatia
637 758 829 824 modo
875 781 1011 838 usu,
1059 758 1253 825 modo
1301 758 1580 836 consilio,
1628 757 1914 825 conditas
1960 779 2107 825 esse
2153 779 2270 845 pro
2302 761 2485 825 variis

364 874 727 965 generibus
774 872 1165 962 reipublicae
1212 872 1785 952 administrandae,
1854 893 2022 961 quae
2079 892 2200 961 per
2258 871 2487 938 decur-

360 1014 523 1058 sum
580 989 989 1056 saeculorum
1050 988 1214 1055 inter
1258 989 1493 1078 Anglos
1541 989 1966 1056 obtinuerunt.
2057 986 2191 1054 Sed
2238 990 2486 1078 quanti-

361 1126 653 1193 cumque
702 1102 1011 1192 ponderis
1057 1118 1155 1170 est
1182 1104 1583 1192 philosophia
1606 1104 1794 1193 juris;
1840 1113 2057 1170 tamen
2088 1102 2253 1170 haec
2276 1104 2488 1170 scien-

357 1223 450 1287 tia
511 1221 758 1308 legibus
816 1220 971 1306 ipsis
1029 1219 1484 1287 adminiculum
1544 1229 1607 1285 et
1653 1218 1951 1284 auxilium
1998 1217 2315 1305 praebere
2360 1238 2489 1284 non

359 1347 602 1425 potest,
651 1334 831 1424 quod
876 1337 1043 1401 Baco
1090 1334 1239 1400 inde
1272 1337 1570 1422 speravit.
1649 1332 1886 1399 Subest
1916 1331 2210 1398 omnibus
2239 1331 2489 1420 legibus

358 1472 601 1519 sensus
663 1449 924 1538 quidam
991 1451 1273 1521 moraliS.
1341 1449 1594 1539 populis
1664 1460 1728 1515 et
1796 1445 2185 1521 hominibus
2226 1449 2490 1527 innatuS,

361 1587 655 1634 sensus
699 1585 934 1632 verae
980 1565 1389 1634 libertatis
1437 1575 1503 1631 et
1561 1574 1778 1631 rectae
1825 1563 2110 1629 rationis:
2181 1562 2344 1629 haec
2392 1573 2493 1628 est

363 1682 552 1747 radix
601 1692 793 1769 atque
841 1681 982 1747 fons
1028 1679 1419 1769 singularum
1476 1678 1726 1767 legum,
1782 1698 1949 1767 quae
2007 1678 2327 1743 humanae
2375 1698 2489 1742 na-

365 1806 558 1861 turae
605 1796 860 1859 insitum
887 1814 1168 1883 'sensum
1215 1793 1374 1857 recti
1417 1790 1703 1878 bonique
1749 1791 1833 1855 ad
1871 1791 2282 1872 conditioneS,
2329 1792 2491 1857 inter

371 1927 546 1993 quas
589 1905 912 1968 humanae
958 1923 1065 1968 res
1113 1912 1468 1966 nascuntur
1518 1912 1583 1966 et
1638 1913 1961 1979 crescunt,
2007 1904 2494 1971 accommodant

369 2028 446 2084 et
507 2017 647 2082 vice
705 2033 892 2079 versa
954 2013 1070 2081 has
1118 2013 1515 2081 conditiones
1562 2015 1777 2081 sensui
1824 2013 1908 2079 illi
1955 2035 2143 2082 verae
2188 2015 2495 2084 libertatis

370 2126 889 2196 accommodant.
993 2130 1107 2196 Hic
1155 2139 1253 2195 est
1309 2130 1450 2197 fons
1508 2132 1689 2199 vivus
1748 2129 1988 2217 legum,
2060 2131 2171 2218 qui
2235 2151 2495 2220 semper

372 2245 641 2311 scaturit
685 2263 1012 2330 novasque
1060 2244 1298 2310 formas
1346 2257 1409 2311 et
1452 2245 1635 2334 leges
1682 2242 1923 2324 condit,
1966 2266 2306 2333 perversas
2352 2268 2496 2315 cor-

293 2360 301 2367 '
371 2360 548 2448 rigit,
617 2358 701 2426 ad
761 2380 953 2448 quem
1011 2380 1273 2449 semper
1327 2359 1809 2449 respiciendum
1865 2370 1985 2431 est.
2088 2360 2495 2453 Philosophia

367 2486 590 2542 autem
656 2496 783 2542 non
853 2476 1066 2542 condit
1132 2477 1341 2565 legeS,
1409 2476 1530 2543 sed
1600 2476 1756 2543 dum
1812 2476 1897 2543 ad
1954 2478 2123 2545 vitae
2179 2478 2495 2547 humanae

372 2590 802 2659 instituendae
873 2593 1256 2681 principium
1332 2591 1649 2673 ascendit,
1730 2595 2157 2661 institutorum
2206 2616 2496 2667 ,sensum

370 2708 690 2774 internum
754 2707 1034 2795 explicit,
1103 2729 1232 2775 non
1287 2709 1427 2795 ipsa
1486 2718 1734 2775 mutare
1795 2709 1928 2776 vult
1971 2707 2251 2798 singulas
2296 2710 2493 2799 legeS,

361 2823 492 2888 sed
560 2832 805 2888 tantum
871 2822 996 2890 hoc
1064 2822 1324 2890 efficere
1393 2824 1556 2905 vult,
1627 2834 1695 2888 ut
1750 2843 1943 2890 verae
2002 2844 2160 2889 suae
2229 2835 2494 2891 naturae

371 2956 704 3002 memores
752 2936 874 3002 sint
902 2936 1195 3001 homines
1228 2934 1632 3022 videantque,
1679 2958 1831 3000 num
1864 2956 1958 3013 ea,
2006 2956 2173 3023 quae
2204 2936 2493 3003 institue-

371 3059 538 3125 runt,
585 3069 875 3115 summae
921 3049 1047 3137 legi
1094 3060 1159 3116 et
1205 3060 1469 3116 naturae
1499 3049 1827 3115 hominum
1861 3050 2251 3116 conveniant.
2323 3050 2494 3116 Baco

373 3166 565 3254 igitur
608 3185 797 3229 usum
842 3164 1279 3253 philosophiae
1328 3166 1388 3230 in
1428 3166 1576 3253 jure
1624 3174 1692 3229 et
1720 3163 1972 3254 legibus
2003 3162 2284 3230 nondum
2314 3175 2494 3232 recte

374 3279 708 3347 intellexit:
755 3278 874 3345 sed
919 3301 1002 3346 ne
1048 3292 1264 3348 nostro
1313 3280 1577 3368 quidem
1626 3290 1919 3368 tempore
1951 3279 2034 3348 de
2081 3280 2202 3347 hac
2232 3302 2304 3347 re
2338 3302 2490 3348 con-

371 3394 548 3463 venit
590 3393 752 3459 inter
797 3392 1209 3482 philosophos
1259 3406 1323 3461 et
1358 3396 1520 3481 juris
1568 3395 1910 3463 consultos,

555 3616 648 3680 IlI.
737 3615 842 3679 DE
890 3612 1175 3678 SUMMlS
1221 3613 1724 3681 REIPUBLICAE
1774 3610 2308 3682 CONSILIARHS.

425 3744 518 3829 ³²)
567 3739 697 3818 „Of
737 3736 1132 3805 counsellors
1186 3737 1371 3804 there
1419 3757 1531 3803 are
1577 3748 1706 3804 two
1753 3748 1943 3805 sorts:
2006 3738 2112 3805 the
2158 3735 2296 3805 first
2339 3758 2490 3805 con-

468 3856 680 3922 siliarii
726 3855 881 3933 nati,
928 3874 999 3920 as
1044 3855 1070 3918 I
1116 3871 1268 3944 may
1316 3864 1481 3921 term
1530 3852 1736 3934 them,
1792 3855 1961 3924 suche
1998 3876 2071 3922 as
2118 3852 2224 3919 the
2270 3855 2492 3943 prince

377 4046 554 4110 tempt
589 4046 643 4096 to
684 4057 848 4114 carry
884 4041 967 4097 his
1007 4041 1136 4112 plan
1174 4049 1230 4096 to
1270 4041 1594 4098 execution:
1634 4047 1699 4096 to
1739 4041 2069 4111 investigate
2109 4040 2267 4162 those
2306 4040 2490 4110 „leges

377 4126 564 4195 legum
604 4144 672 4182 ex
713 4130 918 4200 quibus
955 4130 1270 4185 informatio
1310 4130 1422 4200 peti
1460 4130 1676 4200 possit“
1715 4135 1821 4187 etc.

519 4219 612 4283 82)
655 4216 861 4272 Advice
901 4223 957 4272 to
997 4217 1084 4272 Sir
1122 4216 1341 4288 George
1379 4216 1596 4274 Villiers
1633 4217 1734 4287 111„
1775 4221 1821 4273 l
1853 4221 1903 4274 2.
1930 4219 1979 4272 3.
2019 4231 2074 4284 p.
2100 4152 2222 4273 445.
2261 4213 2375 4270 Vol.
2405 4213 2492 4272 111.
