2998 4863
1355 368 1784 434 ...75-

522 539 842 628 potentiae
914 539 1152 627 fastigio
1223 540 1628 608 descendere
1684 540 1833 606 vidit
1888 537 2278 624 Hispaniam,
2346 538 2613 626 populos

522 655 825 720 subactos
854 653 1171 720 vlibertatis
1218 677 1541 724 memores
1587 656 1751 731 fieri,
1789 657 2055 742 jamque
2103 671 2354 717 summa
2397 664 2614 721 aucto·

524 770 677 835 ritas
724 769 803 835 ad
849 769 1037 837 alium
1084 769 1388 856 populum
1435 773 1703 837 transire
1733 789 1927 858 posse
1959 764 2309 834 videbatur.
2388 767 2618 854 Anglia,

526 904 693 973 quae
738 906 861 951 non
907 884 1043 950 sine
1101 904 1315 950 rerum
1363 886 1601 972 optimo
1649 903 1954 950 successu
1991 882 2329 968 Hispaniae
2379 879 2616 949 bellum

524 1000 788 1076 fecerat,
849 999 984 1086 jam
1043 1009 1174 1063 tum
1231 999 1316 1065 ad
1373 1021 1690 1066 summum
1748 997 2066 1086 potentiae
2113 996 2428 1083 fastigium
2471 1017 2620 1084 per-

521 1112 735 1178 venire
789 1132 984 1198 posse
1041 1111 1371 1180 videbatur
1438 1125 1503 1180 et
1557 1116 1725 1180 Baco
1793 1110 2271 1200 sapientissimis
2344 1110 2621 1179 consiliis

518 1227 785 1314 patriam
832 1247 1014 1293 suam
1059 1227 1312 1316 adjuvit.

693 1341 969 1407 Primum
1016 1345 1345 1433 ingeniose
1393 1344 1475 1411 de
1523 1365 1674 1411 vera
1720 1354 1786 1411 et
1829 1345 2075 1410 interna
2118 1340 2182 1408 vi
2212 1340 2622 1431 potentiaque

517 1455 909 1544 reipublicae
957 1458 1237 1541 disserit;
1297 1459 1688 1548 „Magnitudo
1735 1457 2176 1546 imperiorum,
2224 1452 2435 1542 quoad
2485 1474 2622 1521 mo-

516 1572 646 1638 lem
694 1583 758 1639 et
804 1574 1212 1655 territorium,
1278 1595 1622 1643 mensurae
1680 1572 2039 1661 subjicitur,
2108 1552 2323 1659 quoad
2379 1567 2623 1637 reditus

519 1687 800 1755 calculis:
869 1710 1177 1755 numerus
1244 1691 1473 1755 civium
1542 1700 1605 1755 et
1673 1689 1881 1774 capita
1944 1706 2171 1765 censu,
2236 1681 2490 1752 urbium
2560 1694 2624 1748 et

517 1800 900 1885 oppidorum
958 1799 1308 1885 amplitudo
1358 1800 1612 1866 tabellis
1680 1800 1884 1884 excipi
1948 1809 2231 1883 possunt.
2330 1798 2623 1866 Attamen

523 1932 648 1975 non
694 1911 1011 1997 reperitur
1046 1911 1212 1976 inter
1256 1911 1456 1978 civilia
1501 1932 1608 1976 res
1640 1912 1840 1977 errori
1872 1910 2071 1996 magis
2102 1908 2389 1988 obnoxia,
2429 1932 2624 1997 quam

524 2045 745 2090 varum
804 2035 871 2091 et
923 2025 1332 2094 intrinsecum
1386 2027 1684 2113 excipere
1743 2024 2051 2103 valorem,
2120 2023 2288 2091 circa
2343 2023 2511 2091 vires
2557 2035 2621 2094 et

528 2140 744 2225 copias
811 2140 1056 2228 imperii
1122 2141 1401 2229 alicujus.
1505 2139 1896 2207 Assimilatur
1963 2159 2231 2226 regnum
2299 2136 2624 2207 coelorum

527 2273 653 2319 non
708 2253 920 2341 glandi
976 2266 1082 2321 aut
1136 2258 1281 2323 nuci
1328 2255 1516 2322 alicui
1563 2255 1882 2343 grandiori
1929 2253 2048 2320 sed
2093 2273 2291 2342 grano
2348 2254 2625 2343 synapiS,

522 2367 700 2454 quod
764 2369 926 2436 inter
992 2391 1190 2459 grana
1250 2382 1357 2462 *est
1425 2371 1779 2451 minimum;
1848 2367 2025 2459 quod
2090 2380 2304 2438 tamen
2371 2367 2623 2447 habeat,

523 2483 795 2564 interim,
842 2485 1003 2552 intra
1049 2508 1154 2571 se,
1214 2487 1672 2576 proprietatem
1717 2485 2038 2573 quandam
2085 2496 2150 2552 et
2194 2485 2484 2573 spiritum
2528 2485 2622 2550 in-

519 2609 758 2678 natum,
805 2622 932 2688 quo
980 2622 1054 2667 se
1103 2612 1166 2670 et
1197 2603 1378 2669 citius
1408 2602 1664 2681 attollat,
1695 2613 1759 2669 et
1790 2602 1972 2670 latius
2006 2599 2339 2668 diffundat:
2390 2599 2623 2668 eodem

515 2713 711 2781 modo
767 2715 1052 2783 invenire
1110 2726 1209 2782 est
1261 2738 1465 2806 regna
1523 2729 1587 2783 et
1645 2727 1870 2795 status,
1938 2715 2179 2784 ambitu
2236 2715 2500 2804 quidem
2560 2728 2624 2782 et

516 2827 850 2912 regionum
905 2837 1116 2892 tractu
1171 2829 1357 2914 valde
1418 2830 1655 2916 ampla;
1713 2849 1881 2917 quae
1926 2841 2142 2897 tamen
2189 2829 2273 2898 ad
2316 2828 2481 2898 fines
2525 2828 2623 2894 ul.-

520 2939 718 3005 terius
772 2939 1195 3025 proferendos
1249 2954 1358 3007 aut
1423 2943 1607 3006 latius
1674 2941 2145 3028 imperandum,
2213 2951 2358 3008 sunt
2414 2943 2620 3012 minus

521 3061 695 3139 apta;
763 3053 884 3118 alia
939 3066 1157 3123 contra
1217 3054 1611 3124 dimensione
1667 3055 1819 3121 satis
1877 3056 2128 3142 exigua,
2196 3074 2363 3142 quae
2409 3065 2623 3124 tamen

519 3156 792 3245 bases,s
831 3169 892 3236 in
967 3170 1201 3259 quibus
1267 3173 1581 3239 maximae
1648 3169 2055 3240 monarchiae
2122 3168 2624 3257 inaedificentur‚

524 3300 671 3345 esse
718 3282 1012 3367 possint.⁴‘

703 3394 940 3474 „Urbes
983 3402 1289 3481 munitae,
1333 3402 1525 3489 plena
1571 3402 2070 3478 armamentaria,
2116 3421 2427 3487 equorum
2474 3423 2624 3488 pro-

526 3511 794 3599 pagines
841 3532 1223 3599 generosae,
1291 3535 1518 3581 currus
1562 3517 1813 3593 armati,
1882 3512 2227 3599 elephanti,
2294 3514 2623 3582 machinae

524 3638 635 3691 aut
679 3636 994 3694 tormenta
1038 3628 1269 3697 bellica
1314 3630 1649 3720 omnigena
1696 3640 1759 3695 et
1805 3628 2052 3707 similia;
2100 3639 2246 3693 sunt
2291 3639 2464 3695 certe
2506 3631 2623 3697 ista

526 3740 677 3812 nihil
745 3741 914 3811 aliud
989 3765 1184 3834 quam
1241 3746 1373 3812 ovis
1432 3744 1648 3814 induta
1707 3743 1873 3833 pelle
1929 3742 2206 3822 leonina,
2274 3743 2388 3818 nisi
2458 3768 2616 3836 gens

530 3856 666 3942 ipsa
712 3859 907 3947 stirpe
954 3881 1070 3926 sua
1117 3871 1181 3927 et
1225 3860 1492 3949 ingenio,
1539 3863 1618 3928 sit
1661 3860 1836 3928 fortis
1882 3870 1947 3925 et
1991 3859 2329 3931 militariS.“

702 3973 865 4050 „Imo
932 3995 1054 4040 nec
1125 3996 1426 4042 numerus
1503 3978 1639 4066 ipse
1717 3976 2038 4064 copiarum
2108 3975 2371 4040 multum
2432 3978 2623 4062 juvat,

530 4083 638 4149 ubi
703 4089 929 4156 milites
988 4090 1280 4159 imbelles
1337 4105 1480 4158 Sunt
1538 4108 1601 4159 et
1673 4094 1930 4182 ignavi.“
2033 4092 2411 4167 „Innumera
2479 4100 2623 4154 sunt

530 4202 848 4289 exempla,
905 4226 1099 4291 quam
1145 4207 1223 4272 sit
1267 4207 1675 4274 multitudinis
1724 4227 1867 4271 cuin
1915 4203 2270 4270 fortitudine
2319 4223 2619 4291 congres-
