2998 4863
1379 383 1772 447 -4-

612 556 956 623 affectuum
1002 567 1065 621 et
1109 556 1606 649 prehensionum
1654 557 2171 622 intellectualium
2218 578 2411 626 novas
2456 554 2621 624 vires

613 682 676 737 et
723 681 1062 759 augmenta
1091 671 1212 737 illis
1244 673 1569 759 impertire
1602 674 1891 761 potuerit.
1968 673 2190 760 Itaque
2222 675 2475 739 minime
2506 673 2623 738 mi-

612 808 754 851 rum
802 795 928 866 est,
986 786 1039 849 si
1097 788 1401 853 scientiae
1458 809 1585 854 non
1634 799 1953 870 crescant,
2014 809 2158 854 cum
2214 808 2252 852 a
2303 787 2625 855 radicibus

611 902 741 966 suis
788 901 911 965 sint
957 913 1342 988 separatae.“

519 1015 650 1081 Sed
698 1034 864 1080 nova
909 1013 1213 1081 methodo
1258 1016 1321 1080 in
1365 1016 1796 1104 experientiae
1840 1038 1962 1083 usu
2009 1037 2172 1104 opus
2219 1036 2365 1082 esse
2408 1025 2627 1081 censet

518 1132 713 1208 Bac0,
762 1148 931 1216 quae
977 1129 1040 1194 in
1086 1128 1452 1196 inductione
1498 1150 1651 1197 vera
1696 1133 1903 1218 posita
1949 1133 2028 1198 sit
2052 1136 2159 1220 ⁶·):

608 1246 879 1323 „Forma
934 1253 1197 1310 naturae
1245 1244 1514 1333 alicujus
1560 1246 1698 1312 talis
1747 1256 1871 1325 est,
1927 1256 2024 1327 ut,
2086 1268 2163 1312 ea
2211 1247 2445 1335 posita,
2500 1245 2625 1309 Na-

605 1369 746 1426 tura
793 1358 939 1426 data
987 1359 1391 1427 infallibiliter
1421 1371 1748 1448 sequatur.
1823 1362 2045 1448 Itaque
2077 1360 2262 1428 adest
2293 1370 2627 1449 perpetue,

523 1528 526 1531 .
607 1472 866 1561 quando
915 1484 1138 1569 natura
1183 1474 1288 1538 illa
1335 1473 1538 1556 adest,
1584 1485 1777 1562 atque
1813 1496 1955 1541 eam
1988 1477 2426 1543 universaliter
2456 1472 2627 1542 affir-

605 1599 767 1670 mat,
826 1601 1019 1675 atque
1078 1589 1244 1653 inest
1302 1589 1491 1657 omui.
1597 1588 1837 1655 Eadem
1884 1590 2112 1655 Forma
2170 1591 2312 1656 talis
2360 1602 2484 1670 est,
2541 1599 2628 1670 ut,

606 1722 682 1767 ea
716 1713 946 1785 amota,
991 1711 1215 1767 natura
1255 1702 1419 1780 data,
1465 1700 1871 1768 infallibiliter
1901 1703 2114 1792 fugiat.
2189 1706 2411 1793 Itaque
2443 1703 2628 1769 abest

601 1828 947 1904 perpetuo,
995 1816 1254 1905 quando
1302 1828 1526 1884 natura
1573 1816 1675 1882 illa
1722 1817 1937 1902 abest,
1986 1839 2262 1908 eamque
2308 1829 2626 1909 perpetuo

601 1930 879 2020 abnegat
937 1940 1128 2019 atque
1189 1937 1353 1998 inest
1413 1933 1552 1999 soli.
1657 1934 1989 2016 Postremo
2046 1936 2248 2001 forma
2291 1954 2443 2002 vera
2489 1931 2630 1997 talis

604 2057 728 2125 est,
787 2057 853 2110 ut
910 2055 1203 2111 naturam
1262 2047 1477 2114 datam
1539 2070 1619 2115 ex
1665 2049 1837 2116 fonte
1886 2052 2099 2140 aliquo
2149 2052 2463 2116 essentiae
2511 2048 2630 2113 de-

602 2160 817 2243 ducat,
866 2182 1032 2248 quae
1079 2162 1245 2228 inest
1291 2164 1581 2252 pluribus
1629 2176 1693 2231 et
1738 2166 1944 2231 notior
1991 2175 2089 2230 est
2132 2174 2374 2239 natura,
2422 2174 2487 2226 ut
2531 2162 2624 2224 lo-

599 2283 911 2360 quuntur,
958 2295 1154 2360 quam
1200 2278 1338 2363 ipsa
1383 2279 1645 2347 sorma.“

556 2388 635 2478 ⁵¹³)
684 2385 988 2466 „Omnino
1037 2391 1175 2458 Deo
1222 2392 1591 2480 (formarum
1637 2388 1889 2457 inditori
1937 2398 2001 2454 et
2046 2384 2293 2475 opifici)
2341 2395 2448 2449 aut
2492 2383 2618 2448 for-

599 2513 772 2569 tasse
819 2503 1057 2592 angelis
1104 2519 1172 2572 et
1204 2508 1627 2596 intelligentiis
1668 2504 1986 2591 competit,
2032 2502 2266 2568 formas
2297 2521 2416 2588 per
2446 2497 2618 2564 affir-

600 2619 945 2685 mationem
990 2621 1358 2689 immediate
1404 2641 1618 2702 nosse,
1662 2630 1856 2708 atque
1903 2616 1987 2683 ab
2019 2617 2191 2682 initio
2226 2612 2618 2702 contempla-

601 2733 798 2798 tionis,
876 2733 1011 2799 Sed
1061 2747 1236 2802 certe
1285 2755 1478 2822 supra
1525 2734 1849 2800 hominem
1896 2744 2014 2815 est,
2061 2733 2163 2799 cui
2191 2742 2438 2798 tantum
2468 2750 2621 2796 con-

599 2847 847 2914 ceditur
913 2849 1272 2937 procedere
1342 2849 1550 2936 primo
1609 2871 1727 2939 per
1781 2849 2119 2937 Negativas
2177 2860 2242 2915 et
2297 2858 2625 2936 postremo

597 2965 739 3032 loco
808 2963 1105 3032 desinere
1177 2967 1238 3031 in
1296 2963 1747 3048 AffirmativaS,
1814 2974 1960 3052 post
2019 2961 2453 3030 omnimodam
2512 2981 2623 3025 ex-

597 3080 1007 3148 elusionem.“

509 3193 710 3278 Hujus
757 3204 972 3260 autem
1018 3202 1243 3258 natura
1290 3205 1353 3260 et
1400 3193 1652 3259 indoles
1700 3203 1799 3256 est
1846 3192 1949 3256 illa
1998 3192 2112 3275 via,
2161 3212 2329 3278 quae
2376 3211 2499 3278 per
2529 3189 2624 3252 in-

511 3303 875 3372 ductionem
921 3307 1160 3374 incedit
1183 3312 1264 3393 6);

598 3420 936 3506 „Inductio
995 3440 1149 3487 vera
1207 3420 1375 3486 enim
1431 3419 1711 3506 (rejecta
1766 3419 1884 3484 ista
1943 3438 2110 3506 quae
2168 3418 2462 3506 procedit
2505 3435 2625 3501 per

600 3537 1148 3602 enumerationem
1192 3535 1574 3623 simplicem)
1622 3552 1792 3620 quae
1838 3531 1922 3598 ad
1955 3533 2379 3600 inventionem
2411 3538 2475 3594 et
2507 3527 2624 3593 de-

600 3650 1124 3714 monstrationem
1182 3651 1590 3717 scientiarum
1636 3658 1703 3711 et
1745 3648 1972 3712 artium
2021 3649 2139 3712 erit
2185 3645 2382 3725 utilis;
2439 3654 2622 3709 natu-

601 3781 738 3826 ram
781 3779 1089 3848 separare
1136 3761 1335 3828 debet
1376 3783 1494 3849 per
1534 3761 1920 3848 rejectiones
1951 3759 2229 3840 debitas;
2276 3779 2354 3828 ac
2387 3758 2622 3827 deinde

653 4069 745 4132 53)
780 4065 917 4121 Nov.
960 4062 1163 4133 Organ.
1238 4063 1353 4120 Lib.
1390 4064 1453 4121 11.
1490 4005 1698 4135 Aphbr.
1737 4062 1821 4122 lv.
1861 4062 1919 4116 in
1955 4060 2080 4117 fine.

654 4154 747 4221 5b)
787 4156 924 4210 Nov.
966 4151 1169 4223 Organ.
1242 4152 1359 4210 Lib.
1398 4153 1458 4208 11.
1496 4151 1706 4224 Aphor.
1747 4154 1829 4208 15.

652 4243 707 4318 6)
744 4246 883 4304 Nov.
924 4243 1127 4314 Organ.
1198 4242 1314 4300 Lib.
1353 4242 1413 4299 11.
1448 4239 1659 4314 Aphor.
1698 4243 1817 4299 105.
