2998 4863
1331 342 1757 407 ..77-

488 518 742 605 abjecta
799 524 864 580 et
915 514 1060 579 nihil
1120 514 1289 579 aliud
1348 516 1482 580 sere
1543 536 1736 603 quam
1798 515 2102 581 nobilium
2162 517 2474 604 mancipia
2522 527 2584 584 et

490 630 815 718 operarii.“
903 631 1003 708 „In
1049 628 1403 695 nationibus
1448 628 1559 694 ubi
1606 631 2002 696 numerosior
2042 631 2213 718 justo
2260 641 2358 695 est
2401 631 2583 697 nobi-

487 746 658 826 litas,
726 745 844 810 erit
897 743 1083 831 plebs
1141 743 1275 808 vilis
1334 755 1400 810 et
1455 746 1679 833 ignava
1749 755 1944 833 atque
2005 765 2083 810 eo
2153 744 2413 810 demum
2482 768 2586 812 res

488 861 735 945 redibit,
783 872 850 925 ut
895 880 1016 926 nec
1064 860 1478 925 centesimum
1527 860 1832 948 quodque
1882 872 2069 948 caput
2114 860 2194 924 sit
2223 859 2307 924 ad
2337 860 2586 948 galeam

488 973 868 1063 portandum
935 973 1265 1039 idoneum:
1342 976 1719 1062 praesertim
1787 975 1840 1039 si
1906 973 2260 1061 peditatum
2327 986 2585 1063 spectes

489 1092 598 1178 qui
644 1090 958 1156 exercitus
1002 1087 1383 1177 plerumque
1431 1100 1529 1155 est
1574 1089 1769 1155 robur
1802 1088 2268 1175 praecipuum.“
2339 1089 2588 1178 „Anglia

491 1206 777 1293 quamvls
835 1204 1148 1269 territorio
1209 1212 1274 1268 et
1327 1225 1597 1270 numero
1656 1204 2003 1270 incolarum
2058 1202 2246 1292 longe
2316 1204 2587 1283 inferior,

485 1320 766 1406 potiores
823 1330 1036 1383 tamen
1091 1328 1308 1406 partes
1366 1319 1502 1384 sere
1550 1339 1808 1406 semper
1854 1318 1916 1382 in
1961 1315 2146 1383 bellis
2192 1318 2459 1387 obtinuit
2504 1359 2585 1368 —

484 1436 548 1499 in
608 1431 1058 1501 certaminibus
1116 1453 1263 1499 cum
1322 1432 1514 1499 Gallis
1565 1474 1662 1513 -,
1720 1433 1883 1498 hanc
1927 1433 2133 1520 ipsam
2179 1432 2261 1498 ob
2311 1454 2588 1517 causam,

483 1548 657 1639 quod
716 1546 889 1636 apud
946 1548 1178 1636 Anglos
1213 1549 1445 1631 coloni
1505 1558 1569 1614 et
1625 1548 1933 1614 inferioris
1992 1547 2231 1614 ordinis
2285 1547 2589 1629 homines

482 1663 737 1730 militiae
792 1661 1038 1729 habiles
1096 1673 1267 1741 sunt;
1334 1664 1552 1728 rustici
1611 1663 1830 1730 Gallici
1886 1684 2014 1729 non
2073 1664 2238 1729 item.
2331 1666 2471 1744 Qua
2529 1666 2591 1732 in

484 1799 556 1843 re
613 1775 885 1841 mirabili
944 1775 1226 1863 quadam
1284 1787 1348 1841 et
1400 1775 1717 1862 profunda
1771 1776 2108 1863 prudentia
2167 1781 2591 1868 excogitatum

484 1902 584 1957 est
639 1889 723 1956 ab
780 1890 1052 1955 Henrico
1107 1888 1226 1955 VII.
1324 1887 1586 1976 Angliae
1643 1910 1828 1976 rege,
1894 1900 1962 1953 ut
2018 1890 2283 1976 praedia
2348 1894 2592 1959 minora

485 2016 679 2095 atque
728 2004 957 2070 domus
1016 2001 1480 2091 agricolationis
1526 2003 2026 2082 instituerentur,
2097 2025 2265 2092 quae
2311 2005 2591 2073 habeant

484 2132 732 2189 certum
777 2140 1059 2208 eumque
1105 2118 1501 2185 mediocrem
1559 2118 1692 2205 agri
1749 2116 2008 2182 modum
2069 2137 2411 2199 annexum,
2481 2124 2590 2209 qui

485 2237 748 2304 distrahi
804 2257 932 2302 non
987 2233 1213 2322 possit;
1284 2255 1363 2300 eo
1422 2232 1551 2300 fine
1607 2242 1676 2298 ut
1731 2231 1816 2298 ad
1873 2232 2105 2299 victum
2161 2233 2592 2301 liberaliorem

485 2353 759 2421 sufficiat
804 2361 999 2440 atque
1046 2349 1428 2438 agricultura
1474 2348 1557 2415 ab
1605 2348 1679 2414 iis
1726 2357 2150 2427 exerceretur,
2199 2351 2307 2439 qui
2355 2350 2591 2417 domini

482 2470 713 2535 fuerint
768 2467 945 2534 fundi
989 2477 1097 2532 aut
1151 2466 1378 2532 saltem
1437 2487 1558 2531 usu
1618 2465 1967 2543 fructuarii,
2037 2485 2162 2531 non
2225 2466 2588 2534 conductitii

484 2595 590 2649 aut
634 2582 1057 2650 mercena1·ii.“

658 2696 918 2777 „Danda
965 2707 1065 2762 est
1108 2697 1362 2762 omnino
1410 2715 1626 2784 opera,
1670 2705 1738 2759 ut
1784 2694 1977 2761 arbor
2019 2697 2139 2761 ista
2183 2696 2588 2763 monarchiae

489 2810 695 2897 qualis
753 2812 866 2874 fuit
908 2808 1537 2887 Nebuchadnesaris,
1606 2820 1898 2874 truncum
1953 2808 2188 2875 habeat
2243 2812 2395 2877 satis
2453 2832 2590 2877 am-·

483 2922 661 3010 plum
719 2935 782 2988 et
839 2921 1170 2987 robustum
1228 2920 1330 2985 ad‘
1362 2943 1575 2988 ramos
1622 2942 1772 2987 suos
1821 2932 1885 2987 et
1929 2922 2188 2991 frondes
2234 2936 2588 2993 sustentan-

486 3036 633 3114 das;
702 3036 826 3103 hoc
883 3046 1008 3118 est,
1073 3046 1143 3100 ut
1197 3038 1479 3103 numeris
1526 3036 1962 3124 indigenarum
2011 3039 2094 3104 ad
2139 3039 2429 3108 subditos
2478 3063 2588 3108 ex-

482 3162 740 3219 traneos
800 3149 1193 3219 cohibendos
1250 3152 1401 3217 satis
1458 3172 1787 3240 superque
1856 3153 2142 3226 sufficiat.
2244 3156 2335 3223 llli
2404 3158 2590 3246 igitur

482 3278 682 3335 status
729 3267 814 3333 ad
857 3267 1106 3355 imperii
1151 3265 1647 3355 magnitudinem
1694 3265 1862 3335 bene
1911 3275 2254 3360 comparati
2303 3247 2447 3340 sun't
2479 3275 2589 3362 qui

474 3383 580 3470 jus
629 3383 891 3450 civitatis
939 3383 1124 3449 facile
1173 3392 1237 3448 et
1280 3381 1554 3449 libenter
1601 3383 1994 3472 largiuntur.“

655 3497 922 3564 Romani
981 3500 1087 3587 jus
1159 3498 1418 3565 civitatis
1485 3509 1780 3586 prompte
1850 3499 2345 3588 elargiebantur,
2415 3521 2586 3580 „non

479 3614 741 3703 singulis
786 3624 1027 3680 tantum
1072 3614 1390 3702 personis,
1450 3612 1571 3679 sed
1615 3615 1760 3679 totis
1807 3615 2080 3693 familiis,
2127 3616 2319 3680 immo
2368 3617 2584 3681 civita-

479 3730 649 3797 tibus
708 3741 772 3798 et
829 3751 1286 3819 nonnunquam
1341 3730 1602 3818 integris
1659 3729 2017 3797 nationibus
2074 3734 2585 3801 communicave-

479 3859 639 3913 runt.
758 3847 915 3914 Huic
989 3845 1158 3912 adde
1236 3845 1764 3912 consuetudinem
1849 3845 2211 3915 deducendi
2290 3849 2587 3929 coloniaS‚

482 3960 714 4045 quibus
768 3964 1090 4029 Romanae
1146 3964 1375 4050 stirpes
1434 3963 1497 4026 in
1555 3962 1762 4027 solum
1819 3972 2108 4029 exterum
2164 3965 2584 4051 transplanta-

479 4070 723 4139 bantur.
814 4078 993 4154 Quae
1055 4077 1184 4142 duo
1243 4078 1522 4144 instituta
1587 4078 1639 4143 si
1708 4078 1893 4143 simul
1963 4097 2340 4164 componaS,
2407 4075 2586 4141 dices

477 4185 796 4273 prosectu,
841 4210 987 4255 non
1031 4191 1412 4256 Romanos
1458 4213 1543 4256 se
1593 4191 2031 4256 diffudisse
2077 4210 2218 4276 per
2263 4190 2584 4255 univer-
