<?xml version="1.0" encoding="UTF-8"?>
<!DOCTYPE html PUBLIC "-//W3C//DTD XHTML 1.0 Transitional//EN"
    "http://www.w3.org/TR/xhtml1/DTD/xhtml1-transitional.dtd">
<html xmlns="http://www.w3.org/1999/xhtml" xml:lang="en" lang="en">
 <head>
  <title>
</title>
<meta http-equiv="Content-Type" content="text/html;charset=utf-8" />
  <meta name='ocr-system' content='tesseract 3.04.00' />
  <meta name='ocr-capabilities' content='ocr_page ocr_carea ocr_par ocr_line ocrx_word'/>
</head>
<body>
  <div class='ocr_page' id='page_1' title='image "./defranciscibaco00friegoog_0096.png"; bbox 0 0 2998 4863; ppageno 0'>
   <div class='ocr_carea' id='block_1_1' title="bbox 1287 364 1749 440">
    <p class='ocr_par' dir='ltr' id='par_1_1' title="bbox 1287 364 1749 440">
     <span class='ocr_line' id='line_1_1' title="bbox 1287 364 1749 440; baseline 0 -2"><span class='ocrx_word' id='word_1_1' title='bbox 1287 364 1398 440; x_wconf 46' lang='lat'>2-</span> <span class='ocrx_word' id='word_1_2' title='bbox 1488 377 1749 438; x_wconf 82' lang='lat'>86-</span> 
     </span>
    </p>
   </div>
   <div class='ocr_carea' id='block_1_2' title="bbox 437 537 2560 3622">
    <p class='ocr_par' dir='ltr' id='par_1_2' title="bbox 437 537 2560 3622">
     <span class='ocr_line' id='line_1_2' title="bbox 456 537 2560 636; baseline 0 -22"><span class='ocrx_word' id='word_1_3' title='bbox 456 548 748 614; x_wconf 87' lang='lat' dir='ltr'>Eduardo</span> <span class='ocrx_word' id='word_1_4' title='bbox 807 547 1079 628; x_wconf 82' lang='lat' dir='ltr'>VillierS,</span> <span class='ocrx_word' id='word_1_5' title='bbox 1132 547 1587 636; x_wconf 85' lang='lat' dir='ltr'>Buckinghami</span> <span class='ocrx_word' id='word_1_6' title='bbox 1623 549 1815 622; x_wconf 78' lang='lat' dir='ltr'>,fratri</span> <span class='ocrx_word' id='word_1_7' title='bbox 1878 545 2186 614; x_wconf 84' lang='lat' dir='ltr'>cederent</span> <span class='ocrx_word' id='word_1_8' title='bbox 2208 552 2322 632; x_wconf 74' lang='grc'>139).</span> <span class='ocrx_word' id='word_1_9' title='bbox 2423 537 2560 614; x_wconf 84' lang='lat' dir='ltr'>Nec</span> 
     </span>
     <span class='ocr_line' id='line_1_3' title="bbox 454 661 2558 751; baseline -0 -24"><span class='ocrx_word' id='word_1_10' title='bbox 454 664 661 732; x_wconf 86' lang='lat' dir='ltr'>minus</span> <span class='ocrx_word' id='word_1_11' title='bbox 717 681 884 751; x_wconf 88' lang='lat' dir='ltr'>quae</span> <span class='ocrx_word' id='word_1_12' title='bbox 930 664 1099 729; x_wconf 91' lang='lat' dir='ltr'>Baco</span> <span class='ocrx_word' id='word_1_13' title='bbox 1151 662 1353 751; x_wconf 81' lang='lat' dir='ltr'>judex</span> <span class='ocrx_word' id='word_1_14' title='bbox 1408 665 1537 751; x_wconf 86' lang='lat' dir='ltr'>egit</span> <span class='ocrx_word' id='word_1_15' title='bbox 1582 661 1991 750; x_wconf 90' lang='lat' dir='ltr'>reprobanda</span> <span class='ocrx_word' id='word_1_16' title='bbox 2036 671 2199 730; x_wconf 89' lang='lat' dir='ltr'>sunt.</span> <span class='ocrx_word' id='word_1_17' title='bbox 2290 662 2450 728; x_wconf 82' lang='lat' dir='ltr'>Fere</span> <span class='ocrx_word' id='word_1_18' title='bbox 2494 662 2558 726; x_wconf 89' lang='lat' dir='ltr'>in</span> 
     </span>
     <span class='ocr_line' id='line_1_4' title="bbox 453 776 2556 866; baseline -0.001 -24"><span class='ocrx_word' id='word_1_19' title='bbox 453 776 745 843; x_wconf 89' lang='lat' dir='ltr'>omnibus</span> <span class='ocrx_word' id='word_1_20' title='bbox 769 779 977 843; x_wconf 90' lang='lat' dir='ltr'>causis</span> <span class='ocrx_word' id='word_1_21' title='bbox 1015 776 1438 866; x_wconf 88' lang='lat' dir='ltr'>dijudicandis</span> <span class='ocrx_word' id='word_1_22' title='bbox 1469 777 1971 866; x_wconf 77' lang='lat' dir='ltr'>aBuckingliami</span> <span class='ocrx_word' id='word_1_23' title='bbox 1994 776 2364 842; x_wconf 87' lang='lat' dir='ltr'>auctoritate</span> <span class='ocrx_word' id='word_1_24' title='bbox 2395 796 2556 864; x_wconf 91' lang='lat' dir='ltr'>pen-</span> 
     </span>
     <span class='ocr_line' id='line_1_5' title="bbox 453 891 2560 980; baseline -0 -23"><span class='ocrx_word' id='word_1_25' title='bbox 453 892 662 970; x_wconf 82' lang='lat' dir='ltr'><strong>debat,</strong></span> <span class='ocrx_word' id='word_1_26' title='bbox 709 891 885 980; x_wconf 93' lang='lat' dir='ltr'>quod</span> <span class='ocrx_word' id='word_1_27' title='bbox 927 891 1114 958; x_wconf 81' lang='lat' dir='ltr'>facile</span> <span class='ocrx_word' id='word_1_28' title='bbox 1161 914 1241 958; x_wconf 82' lang='lat' dir='ltr'>ex</span> <span class='ocrx_word' id='word_1_29' title='bbox 1286 892 1508 958; x_wconf 89' lang='lat' dir='ltr'>litteris</span> <span class='ocrx_word' id='word_1_30' title='bbox 1538 894 1803 959; x_wconf 89' lang='lat' dir='ltr'>Baconis</span> <span class='ocrx_word' id='word_1_31' title='bbox 1848 892 1933 958; x_wconf 93' lang='lat' dir='ltr'>ad</span> <span class='ocrx_word' id='word_1_32' title='bbox 1965 892 2133 958; x_wconf 89' lang='lat' dir='ltr'>hunc</span> <span class='ocrx_word' id='word_1_33' title='bbox 2161 893 2366 957; x_wconf 87' lang='lat' dir='ltr'>virum</span> <span class='ocrx_word' id='word_1_34' title='bbox 2397 891 2560 957; x_wconf 92' lang='lat' dir='ltr'>datis</span> 
     </span>
     <span class='ocr_line' id='line_1_6' title="bbox 437 1004 2556 1097; baseline -0.001 -24"><span class='ocrx_word' id='word_1_35' title='bbox 437 1018 515 1073; x_wconf 88' lang='lat' dir='ltr'>-et</span> <span class='ocrx_word' id='word_1_36' title='bbox 562 1009 641 1074; x_wconf 74' lang='lat' dir='ltr'>ex</span> <span class='ocrx_word' id='word_1_37' title='bbox 698 1005 1287 1083; x_wconf 80' lang='lat' dir='ltr'>deliberationihuS,</span> <span class='ocrx_word' id='word_1_38' title='bbox 1352 1027 1514 1094; x_wconf 90' lang='lat' dir='ltr'>quas</span> <span class='ocrx_word' id='word_1_39' title='bbox 1576 1028 1722 1097; x_wconf 86' lang='lat' dir='ltr'>cum</span> <span class='ocrx_word' id='word_1_40' title='bbox 1782 1028 1861 1073; x_wconf 94' lang='lat' dir='ltr'>eo</span> <span class='ocrx_word' id='word_1_41' title='bbox 1920 1004 2167 1089; x_wconf 87' lang='lat' dir='ltr'>habuit,</span> <span class='ocrx_word' id='word_1_42' title='bbox 2226 1006 2556 1095; x_wconf 83' lang='lat' dir='ltr'>colligitur.</span> 
     </span>
     <span class='ocr_line' id='line_1_7' title="bbox 449 1120 2555 1211; baseline -0 -24"><span class='ocrx_word' id='word_1_43' title='bbox 449 1120 580 1189; x_wconf 85' lang='lat' dir='ltr'>Sed</span> <span class='ocrx_word' id='word_1_44' title='bbox 627 1123 680 1188; x_wconf 87' lang='lat' dir='ltr'>si</span> <span class='ocrx_word' id='word_1_45' title='bbox 718 1121 1225 1211; x_wconf 82' lang='lat' dir='ltr'>Buckinghamus</span> <span class='ocrx_word' id='word_1_46' title='bbox 1272 1121 1747 1189; x_wconf 79' lang='lat' dir='ltr'>adolescentiae</span> <span class='ocrx_word' id='word_1_47' title='bbox 1792 1121 2043 1187; x_wconf 89' lang='lat' dir='ltr'>levitate</span> <span class='ocrx_word' id='word_1_48' title='bbox 2090 1131 2155 1187; x_wconf 85' lang='lat' dir='ltr'>et</span> <span class='ocrx_word' id='word_1_49' title='bbox 2198 1121 2555 1210; x_wconf 78' lang='lat' dir='ltr'>imperitiae</span> 
     </span>
     <span class='ocr_line' id='line_1_8' title="bbox 449 1213 2555 1326; baseline 0 -25"><span class='ocrx_word' id='word_1_50' title='bbox 449 1235 780 1302; x_wconf 83' lang='lat' dir='ltr'>insolentia</span> <span class='ocrx_word' id='word_1_51' title='bbox 837 1237 1126 1302; x_wconf 82' lang='lat' dir='ltr'>excusari</span> <span class='ocrx_word' id='word_1_52' title='bbox 1186 1247 1420 1326; x_wconf 86' lang='lat' dir='ltr'>potest,</span> <span class='ocrx_word' id='word_1_53' title='bbox 1480 1257 1626 1303; x_wconf 91' lang='lat' dir='ltr'>cum</span> <span class='ocrx_word' id='word_1_54' title='bbox 1681 1213 1809 1303; x_wconf 79' lang='lat' dir='ltr'>non</span> <span class='ocrx_word' id='word_1_55' title='bbox 1867 1258 2007 1303; x_wconf 88' lang='lat' dir='ltr'>rem</span> <span class='ocrx_word' id='word_1_56' title='bbox 2065 1234 2388 1323; x_wconf 84' lang='lat' dir='ltr'>publicam</span> <span class='ocrx_word' id='word_1_57' title='bbox 2433 1235 2555 1302; x_wconf 90' lang='lat' dir='ltr'>sed</span> 
     </span>
     <span class='ocr_line' id='line_1_9' title="bbox 447 1351 2554 1440; baseline -0 -23"><span class='ocrx_word' id='word_1_58' title='bbox 447 1351 800 1438; x_wconf 89' lang='lat' dir='ltr'>voluptates</span> <span class='ocrx_word' id='word_1_59' title='bbox 860 1371 1010 1416; x_wconf 89' lang='lat' dir='ltr'>suas</span> <span class='ocrx_word' id='word_1_60' title='bbox 1064 1361 1127 1417; x_wconf 88' lang='lat' dir='ltr'>et</span> <span class='ocrx_word' id='word_1_61' title='bbox 1173 1352 1449 1418; x_wconf 82' lang='lat' dir='ltr'>honores</span> <span class='ocrx_word' id='word_1_62' title='bbox 1499 1353 2142 1440; x_wconf 80' lang='lat' dir='ltr'>consanguineorum,</span> <span class='ocrx_word' id='word_1_63' title='bbox 2199 1360 2554 1417; x_wconf 85' lang='lat' dir='ltr'>assentato-</span> 
     </span>
     <span class='ocr_line' id='line_1_10' title="bbox 446 1464 2555 1554; baseline -0 -24"><span class='ocrx_word' id='word_1_64' title='bbox 446 1488 615 1545; x_wconf 89' lang='lat' dir='ltr'>rum,</span> <span class='ocrx_word' id='word_1_65' title='bbox 672 1467 875 1554; x_wconf 87' lang='lat' dir='ltr'>pretia</span> <span class='ocrx_word' id='word_1_66' title='bbox 934 1465 1433 1533; x_wconf 87' lang='lat' dir='ltr'>concubinarum</span> <span class='ocrx_word' id='word_1_67' title='bbox 1492 1488 1754 1533; x_wconf 88' lang='lat' dir='ltr'>suarum</span> <span class='ocrx_word' id='word_1_68' title='bbox 1811 1478 2087 1546; x_wconf 88' lang='lat' dir='ltr'>curaret;</span> <span class='ocrx_word' id='word_1_69' title='bbox 2156 1467 2325 1531; x_wconf 88' lang='lat' dir='ltr'>Baco</span> <span class='ocrx_word' id='word_1_70' title='bbox 2385 1464 2555 1531; x_wconf 90' lang='lat' dir='ltr'>nullo</span> 
     </span>
     <span class='ocr_line' id='line_1_11' title="bbox 446 1580 2552 1671; baseline -0.001 -24"><span class='ocrx_word' id='word_1_71' title='bbox 446 1581 642 1649; x_wconf 91' lang='lat' dir='ltr'>modo</span> <span class='ocrx_word' id='word_1_72' title='bbox 688 1581 977 1647; x_wconf 89' lang='lat' dir='ltr'>excusari</span> <span class='ocrx_word' id='word_1_73' title='bbox 1022 1591 1259 1667; x_wconf 86' lang='lat' dir='ltr'>potest,</span> <span class='ocrx_word' id='word_1_74' title='bbox 1304 1601 1449 1647; x_wconf 87' lang='lat' dir='ltr'>cum</span> <span class='ocrx_word' id='word_1_75' title='bbox 1499 1584 1561 1648; x_wconf 91' lang='lat' dir='ltr'>in</span> <span class='ocrx_word' id='word_1_76' title='bbox 1608 1583 1875 1671; x_wconf 84' lang='lat' dir='ltr'>negotiis</span> <span class='ocrx_word' id='word_1_77' title='bbox 1920 1581 2191 1670; x_wconf 89' lang='lat' dir='ltr'>puhlicis</span> <span class='ocrx_word' id='word_1_78' title='bbox 2240 1580 2552 1646; x_wconf 85' lang='lat' dir='ltr'>exercita-</span> 
     </span>
     <span class='ocr_line' id='line_1_12' title="bbox 446 1694 2557 1784; baseline -0.002 -21"><span class='ocrx_word' id='word_1_79' title='bbox 446 1709 574 1775; x_wconf 75' lang='grc' dir='ltr'>ωε,</span> <span class='ocrx_word' id='word_1_80' title='bbox 631 1697 846 1784; x_wconf 85' lang='lat' dir='ltr'>legum</span> <span class='ocrx_word' id='word_1_81' title='bbox 907 1694 1367 1762; x_wconf 41' lang='lat' dir='ltr'>etfosficiorum</span> <span class='ocrx_word' id='word_1_82' title='bbox 1406 1696 1644 1784; x_wconf 89' lang='lat' dir='ltr'>judicis</span> <span class='ocrx_word' id='word_1_83' title='bbox 1677 1698 2136 1784; x_wconf 81' lang='lat' dir='ltr'>-peritissimuS,</span> <span class='ocrx_word' id='word_1_84' title='bbox 2192 1715 2362 1782; x_wconf 88' lang='lat' dir='ltr'>quae</span> <span class='ocrx_word' id='word_1_85' title='bbox 2406 1715 2557 1760; x_wconf 88' lang='lat' dir='ltr'>vera</span> 
     </span>
     <span class='ocr_line' id='line_1_13' title="bbox 450 1809 2556 1899; baseline -0.002 -22"><span class='ocrx_word' id='word_1_86' title='bbox 450 1810 712 1877; x_wconf 88' lang='lat' dir='ltr'>civitatis</span> <span class='ocrx_word' id='word_1_87' title='bbox 757 1809 930 1876; x_wconf 89' lang='lat' dir='ltr'>salus</span> <span class='ocrx_word' id='word_1_88' title='bbox 978 1809 1089 1892; x_wconf 91' lang='lat' dir='ltr'>sit,</span> <span class='ocrx_word' id='word_1_89' title='bbox 1137 1831 1215 1875; x_wconf 87' lang='lat' dir='ltr'>ex</span> <span class='ocrx_word' id='word_1_90' title='bbox 1261 1810 1662 1899; x_wconf 89' lang='lat' dir='ltr'>philosophia</span> <span class='ocrx_word' id='word_1_91' title='bbox 1708 1810 2004 1887; x_wconf 89' lang='lat' dir='ltr'>edoctus,</span> <span class='ocrx_word' id='word_1_92' title='bbox 2058 1811 2120 1876; x_wconf 92' lang='lat' dir='ltr'>in</span> <span class='ocrx_word' id='word_1_93' title='bbox 2158 1809 2417 1897; x_wconf 85' lang='lat' dir='ltr'>judiciis</span> <span class='ocrx_word' id='word_1_94' title='bbox 2461 1809 2556 1873; x_wconf 84' lang='lat' dir='ltr'>fe-</span> 
     </span>
     <span class='ocr_line' id='line_1_14' title="bbox 445 1923 2555 2014; baseline 0.001 -25"><span class='ocrx_word' id='word_1_95' title='bbox 445 1923 664 1992; x_wconf 89' lang='lat' dir='ltr'>rendis</span> <span class='ocrx_word' id='word_1_96' title='bbox 733 1925 1086 1993; x_wconf 80' lang='lat' dir='ltr'>auctoritati</span> <span class='ocrx_word' id='word_1_97' title='bbox 1157 1927 1380 2012; x_wconf 87' lang='lat' dir='ltr'>privati</span> <span class='ocrx_word' id='word_1_98' title='bbox 1452 1926 1723 1993; x_wconf 90' lang='lat' dir='ltr'>hominis</span> <span class='ocrx_word' id='word_1_99' title='bbox 1793 1925 2202 2014; x_wconf 84' lang='lat' dir='ltr'>perditissimi</span> <span class='ocrx_word' id='word_1_100' title='bbox 2273 1923 2555 1992; x_wconf 89' lang='lat' dir='ltr'>cederet.</span> 
     </span>
     <span class='ocr_line' id='line_1_15' title="bbox 445 2039 2555 2129; baseline -0.001 -24"><span class='ocrx_word' id='word_1_101' title='bbox 445 2039 664 2107; x_wconf 89' lang='lat' dir='ltr'>Semel</span> <span class='ocrx_word' id='word_1_102' title='bbox 711 2049 951 2106; x_wconf 84' lang='lat' dir='ltr'>tantum</span> <span class='ocrx_word' id='word_1_103' title='bbox 997 2042 1351 2109; x_wconf 86' lang='lat' dir='ltr'>sententiae</span> <span class='ocrx_word' id='word_1_104' title='bbox 1380 2040 1838 2129; x_wconf 80' lang='lat' dir='ltr'>Buckinghami</span> <span class='ocrx_word' id='word_1_105' title='bbox 1885 2041 2112 2107; x_wconf 84' lang='lat' dir='ltr'>restitit</span> <span class='ocrx_word' id='word_1_106' title='bbox 2157 2041 2219 2105; x_wconf 91' lang='lat' dir='ltr'>in</span> <span class='ocrx_word' id='word_1_107' title='bbox 2264 2059 2339 2106; x_wconf 90' lang='lat' dir='ltr'>re</span> <span class='ocrx_word' id='word_1_108' title='bbox 2386 2052 2473 2126; x_wconf 87' lang='lat' dir='ltr'>qu</span> <span class='ocrx_word' id='word_1_109' title='bbox 2487 2057 2555 2103; x_wconf 89' lang='lat' dir='ltr'>a-</span> 
     </span>
     <span class='ocr_line' id='line_1_16' title="bbox 447 2134 2559 2244; baseline -0 -24"><span class='ocrx_word' id='word_1_110' title='bbox 447 2154 595 2221; x_wconf 89' lang='lat' dir='ltr'>dam</span> <span class='ocrx_word' id='word_1_111' title='bbox 651 2134 894 2241; x_wconf 82' lang='lat' dir='ltr'>privata</span> <span class='ocrx_word' id='word_1_112' title='bbox 955 2158 1176 2244; x_wconf 90' lang='lat' dir='ltr'>(quam</span> <span class='ocrx_word' id='word_1_113' title='bbox 1237 2155 1339 2222; x_wconf 89' lang='lat' dir='ltr'>hic</span> <span class='ocrx_word' id='word_1_114' title='bbox 1399 2157 1758 2222; x_wconf 86' lang='lat' dir='ltr'>accuratius</span> <span class='ocrx_word' id='word_1_115' title='bbox 1817 2177 2139 2244; x_wconf 86' lang='lat' dir='ltr'>exponere</span> <span class='ocrx_word' id='word_1_116' title='bbox 2189 2154 2559 2243; x_wconf 84' lang='lat' dir='ltr'>omittimus)</span> 
     </span>
     <span class='ocr_line' id='line_1_17' title="bbox 445 2267 2557 2360; baseline -0.001 -24"><span class='ocrx_word' id='word_1_117' title='bbox 445 2290 571 2337; x_wconf 93' lang='lat' dir='ltr'>non</span> <span class='ocrx_word' id='word_1_118' title='bbox 621 2269 799 2359; x_wconf 91' lang='lat' dir='ltr'>quod</span> <span class='ocrx_word' id='word_1_119' title='bbox 845 2282 1090 2337; x_wconf 87' lang='lat' dir='ltr'>rectum</span> <span class='ocrx_word' id='word_1_120' title='bbox 1131 2272 1510 2357; x_wconf 87' lang='lat' dir='ltr'>justumque</span> <span class='ocrx_word' id='word_1_121' title='bbox 1556 2272 1770 2350; x_wconf 88' lang='lat' dir='ltr'>tenuit,</span> <span class='ocrx_word' id='word_1_122' title='bbox 1817 2271 1936 2337; x_wconf 91' lang='lat' dir='ltr'>sed</span> <span class='ocrx_word' id='word_1_123' title='bbox 1982 2270 2159 2360; x_wconf 90' lang='lat' dir='ltr'>quod</span> <span class='ocrx_word' id='word_1_124' title='bbox 2190 2267 2557 2337; x_wconf 86' lang='lat' dir='ltr'>adversario</span> 
     </span>
     <span class='ocr_line' id='line_1_18' title="bbox 448 2381 2556 2475; baseline 0 -26"><span class='ocrx_word' id='word_1_125' title='bbox 448 2382 674 2475; x_wconf 85' lang='lat' dir='ltr'>(Coke)</span> <span class='ocrx_word' id='word_1_126' title='bbox 736 2386 1018 2472; x_wconf 87' lang='lat' dir='ltr'>quocum</span> <span class='ocrx_word' id='word_1_127' title='bbox 1066 2385 1204 2474; x_wconf 89' lang='lat' dir='ltr'>jam</span> <span class='ocrx_word' id='word_1_128' title='bbox 1261 2381 1507 2449; x_wconf 89' lang='lat' dir='ltr'>dudum</span> <span class='ocrx_word' id='word_1_129' title='bbox 1564 2384 1915 2464; x_wconf 86' lang='lat' dir='ltr'>inimicitias</span> <span class='ocrx_word' id='word_1_130' title='bbox 1972 2392 2375 2462; x_wconf 87' lang='lat' dir='ltr'>exercuerat,</span> <span class='ocrx_word' id='word_1_131' title='bbox 2433 2382 2556 2450; x_wconf 91' lang='lat' dir='ltr'>hac</span> 
     </span>
     <span class='ocr_line' id='line_1_19' title="bbox 444 2497 2556 2590; baseline -0.001 -24"><span class='ocrx_word' id='word_1_132' title='bbox 444 2501 687 2566; x_wconf 84' lang='lat' dir='ltr'>ratione</span> <span class='ocrx_word' id='word_1_133' title='bbox 741 2520 981 2567; x_wconf 90' lang='lat' dir='ltr'>nocere</span> <span class='ocrx_word' id='word_1_134' title='bbox 1035 2500 1245 2568; x_wconf 88' lang='lat' dir='ltr'>voluit.</span> <span class='ocrx_word' id='word_1_135' title='bbox 1347 2500 1572 2565; x_wconf 86' lang='lat' dir='ltr'>Animo</span> <span class='ocrx_word' id='word_1_136' title='bbox 1627 2500 1845 2567; x_wconf 89' lang='lat' dir='ltr'>humili</span> <span class='ocrx_word' id='word_1_137' title='bbox 1904 2512 1969 2568; x_wconf 92' lang='lat' dir='ltr'>et</span> <span class='ocrx_word' id='word_1_138' title='bbox 2021 2500 2275 2590; x_wconf 88' lang='lat' dir='ltr'>abjecto</span> <span class='ocrx_word' id='word_1_139' title='bbox 2322 2497 2556 2565; x_wconf 90' lang='lat' dir='ltr'>deinde</span> 
     </span>
     <span class='ocr_line' id='line_1_20' title="bbox 443 2611 2553 2704; baseline -0.001 -25"><span class='ocrx_word' id='word_1_140' title='bbox 443 2611 986 2703; x_wconf 85' lang='lat' dir='ltr'>Buckinghamum</span> <span class='ocrx_word' id='word_1_141' title='bbox 1041 2615 1270 2679; x_wconf 88' lang='lat' dir='ltr'>iratum</span> <span class='ocrx_word' id='word_1_142' title='bbox 1329 2624 1391 2679; x_wconf 89' lang='lat' dir='ltr'>ct</span> <span class='ocrx_word' id='word_1_143' title='bbox 1447 2613 1802 2702; x_wconf 85' lang='lat' dir='ltr'>superbum</span> <span class='ocrx_word' id='word_1_144' title='bbox 1859 2617 2119 2704; x_wconf 87' lang='lat' dir='ltr'>expiare</span> <span class='ocrx_word' id='word_1_145' title='bbox 2165 2616 2370 2682; x_wconf 83' lang='lat' dir='ltr'>voluit.</span> <span class='ocrx_word' id='word_1_146' title='bbox 2460 2615 2553 2678; x_wconf 91' lang='lat' dir='ltr'>Ita</span> 
     </span>
     <span class='ocr_line' id='line_1_21' title="bbox 445 2726 2553 2817; baseline -0.002 -22"><span class='ocrx_word' id='word_1_147' title='bbox 445 2748 769 2817; x_wconf 89' lang='lat' dir='ltr'>nunquam</span> <span class='ocrx_word' id='word_1_148' title='bbox 828 2750 974 2807; x_wconf 88' lang='lat' dir='ltr'>su0,</span> <span class='ocrx_word' id='word_1_149' title='bbox 1033 2726 1153 2795; x_wconf 89' lang='lat' dir='ltr'>sed</span> <span class='ocrx_word' id='word_1_150' title='bbox 1209 2728 1478 2794; x_wconf 88' lang='lat' dir='ltr'>aliorum</span> <span class='ocrx_word' id='word_1_151' title='bbox 1525 2730 1827 2809; x_wconf 91' lang='lat' dir='ltr'>consiliis,</span> <span class='ocrx_word' id='word_1_152' title='bbox 1882 2730 2154 2797; x_wconf 91' lang='lat' dir='ltr'>aliorum</span> <span class='ocrx_word' id='word_1_153' title='bbox 2198 2728 2553 2796; x_wconf 85' lang='lat' dir='ltr'>auctoritati</span> 
     </span>
     <span class='ocr_line' id='line_1_22' title="bbox 445 2841 2554 2934; baseline -0.002 -23"><span class='ocrx_word' id='word_1_154' title='bbox 445 2844 769 2925; x_wconf 89' lang='lat' dir='ltr'>obediens,</span> <span class='ocrx_word' id='word_1_155' title='bbox 817 2864 1143 2933; x_wconf 88' lang='lat' dir='ltr'>nunquam</span> <span class='ocrx_word' id='word_1_156' title='bbox 1188 2845 1327 2930; x_wconf 91' lang='lat' dir='ltr'>ipsa</span> <span class='ocrx_word' id='word_1_157' title='bbox 1373 2845 1532 2910; x_wconf 90' lang='lat' dir='ltr'>recti</span> <span class='ocrx_word' id='word_1_158' title='bbox 1572 2843 1858 2934; x_wconf 90' lang='lat' dir='ltr'>bonique</span> <span class='ocrx_word' id='word_1_159' title='bbox 1888 2846 2032 2934; x_wconf 85' lang='lat' dir='ltr'>lege</span> <span class='ocrx_word' id='word_1_160' title='bbox 2067 2845 2311 2923; x_wconf 73' lang='lat' dir='ltr'>ductuS,</span> <span class='ocrx_word' id='word_1_161' title='bbox 2357 2841 2554 2908; x_wconf 87' lang='lat' dir='ltr'>multa</span> 
     </span>
     <span class='ocr_line' id='line_1_23' title="bbox 445 2958 2553 3049; baseline -0.001 -22"><span class='ocrx_word' id='word_1_162' title='bbox 445 2961 756 3027; x_wconf 88' lang='lat' dir='ltr'>commisit</span> <span class='ocrx_word' id='word_1_163' title='bbox 799 2961 861 3025; x_wconf 92' lang='lat' dir='ltr'>in</span> <span class='ocrx_word' id='word_1_164' title='bbox 908 2958 1179 3048; x_wconf 88' lang='lat' dir='ltr'>publicis</span> <span class='ocrx_word' id='word_1_165' title='bbox 1224 2959 1520 3046; x_wconf 84' lang='lat' dir='ltr'>negotiis,</span> <span class='ocrx_word' id='word_1_166' title='bbox 1589 2959 1824 3048; x_wconf 88' lang='lat' dir='ltr'>quihus</span> <span class='ocrx_word' id='word_1_167' title='bbox 1868 2971 2190 3049; x_wconf 88' lang='lat' dir='ltr'>praeerat,</span> <span class='ocrx_word' id='word_1_168' title='bbox 2242 2960 2553 3047; x_wconf 81' lang='lat' dir='ltr'>legesque</span> 
     </span>
     <span class='ocr_line' id='line_1_24' title="bbox 443 3074 2551 3163; baseline 0 -24"><span class='ocrx_word' id='word_1_169' title='bbox 443 3095 640 3163; x_wconf 88' lang='lat' dir='ltr'>saepe</span> <span class='ocrx_word' id='word_1_170' title='bbox 694 3074 958 3143; x_wconf 87' lang='lat' dir='ltr'>violavit.</span> <span class='ocrx_word' id='word_1_171' title='bbox 1051 3074 1216 3151; x_wconf 90' lang='lat' dir='ltr'>Quin</span> <span class='ocrx_word' id='word_1_172' title='bbox 1272 3076 1412 3161; x_wconf 90' lang='lat' dir='ltr'>ipse</span> <span class='ocrx_word' id='word_1_173' title='bbox 1471 3086 1536 3141; x_wconf 86' lang='lat' dir='ltr'>et</span> <span class='ocrx_word' id='word_1_174' title='bbox 1595 3075 1633 3138; x_wconf 89' lang='lat' dir='ltr'>ii</span> <span class='ocrx_word' id='word_1_175' title='bbox 1683 3074 1914 3163; x_wconf 87' lang='lat' dir='ltr'>quibus</span> <span class='ocrx_word' id='word_1_176' title='bbox 1972 3084 2295 3163; x_wconf 87' lang='lat' dir='ltr'>praeerat,</span> <span class='ocrx_word' id='word_1_177' title='bbox 2353 3093 2551 3161; x_wconf 91' lang='lat' dir='ltr'>saepe</span> 
     </span>
     <span class='ocr_line' id='line_1_25' title="bbox 443 3187 2553 3277; baseline 0.001 -24"><span class='ocrx_word' id='word_1_178' title='bbox 443 3189 646 3275; x_wconf 88' lang='lat' dir='ltr'>pretio</span> <span class='ocrx_word' id='word_1_179' title='bbox 695 3188 973 3275; x_wconf 89' lang='lat' dir='ltr'>corrupti</span> <span class='ocrx_word' id='word_1_180' title='bbox 1016 3198 1161 3255; x_wconf 86' lang='lat' dir='ltr'>sunt</span> <span class='ocrx_word' id='word_1_181' title='bbox 1204 3187 1287 3254; x_wconf 89' lang='lat' dir='ltr'>ah</span> <span class='ocrx_word' id='word_1_182' title='bbox 1345 3189 1438 3268; x_wconf 89' lang='lat' dir='ltr'>iis,</span> <span class='ocrx_word' id='word_1_183' title='bbox 1485 3211 1759 3277; x_wconf 90' lang='lat' dir='ltr'>quorum</span> <span class='ocrx_word' id='word_1_184' title='bbox 1807 3208 2040 3258; x_wconf 88' lang='lat' dir='ltr'>causae</span> <span class='ocrx_word' id='word_1_185' title='bbox 2072 3193 2135 3257; x_wconf 94' lang='lat' dir='ltr'>in</span> <span class='ocrx_word' id='word_1_186' title='bbox 2162 3190 2553 3257; x_wconf 89' lang='lat' dir='ltr'>Cancellaria</span> 
     </span>
     <span class='ocr_line' id='line_1_26' title="bbox 445 3279 2547 3393; baseline 0 -26"><span class='ocrx_word' id='word_1_187' title='bbox 445 3302 617 3367; x_wconf 89' lang='lat' dir='ltr'>curia</span> <span class='ocrx_word' id='word_1_188' title='bbox 674 3279 1044 3390; x_wconf 81' lang='lat' dir='ltr'>agebantur.</span> <span class='ocrx_word' id='word_1_189' title='bbox 1153 3300 1252 3367; x_wconf 92' lang='lat' dir='ltr'>Ob</span> <span class='ocrx_word' id='word_1_190' title='bbox 1311 3302 1478 3369; x_wconf 92' lang='lat' dir='ltr'>hanc</span> <span class='ocrx_word' id='word_1_191' title='bbox 1533 3324 1673 3370; x_wconf 90' lang='lat' dir='ltr'>rem</span> <span class='ocrx_word' id='word_1_192' title='bbox 1728 3304 2005 3393; x_wconf 87' lang='lat' dir='ltr'>denique</span> <span class='ocrx_word' id='word_1_193' title='bbox 2052 3316 2389 3372; x_wconf 89' lang='lat' dir='ltr'>accusatus</span> <span class='ocrx_word' id='word_1_194' title='bbox 2436 3285 2547 3370; x_wconf 89' lang='lat' dir='ltr'>est.</span> 
     </span>
     <span class='ocr_line' id='line_1_27' title="bbox 446 3417 2547 3502; baseline 0.001 -20"><span class='ocrx_word' id='word_1_195' title='bbox 446 3417 656 3502; x_wconf 83' lang='lat' dir='ltr'>Quam</span> <span class='ocrx_word' id='word_1_196' title='bbox 703 3436 978 3495; x_wconf 90' lang='lat' dir='ltr'>causam,</span> <span class='ocrx_word' id='word_1_197' title='bbox 1027 3437 1171 3485; x_wconf 90' lang='lat' dir='ltr'>cum</span> <span class='ocrx_word' id='word_1_198' title='bbox 1220 3418 1546 3484; x_wconf 89' lang='lat' dir='ltr'>notissima</span> <span class='ocrx_word' id='word_1_199' title='bbox 1587 3419 1667 3483; x_wconf 88' lang='lat' dir='ltr'>sit</span> <span class='ocrx_word' id='word_1_200' title='bbox 1697 3430 1760 3484; x_wconf 89' lang='lat' dir='ltr'>et</span> <span class='ocrx_word' id='word_1_201' title='bbox 1792 3419 1947 3485; x_wconf 90' lang='lat' dir='ltr'>actis</span> <span class='ocrx_word' id='word_1_202' title='bbox 1977 3419 2339 3487; x_wconf 88' lang='lat' dir='ltr'>forensibus</span> <span class='ocrx_word' id='word_1_203' title='bbox 2372 3441 2547 3487; x_wconf 90' lang='lat' dir='ltr'>com-</span> 
     </span>
     <span class='ocr_line' id='line_1_28' title="bbox 442 3531 2549 3622; baseline 0.001 -25"><span class='ocrx_word' id='word_1_204' title='bbox 442 3531 713 3619; x_wconf 88' lang='lat' dir='ltr'>probata</span> <span class='ocrx_word' id='word_1_205' title='bbox 760 3533 1340 3620; x_wconf 79' lang='lat' dir='ltr'>praetermittimus,</span> <span class='ocrx_word' id='word_1_206' title='bbox 1402 3532 1536 3600; x_wconf 92' lang='lat' dir='ltr'>Sed</span> <span class='ocrx_word' id='word_1_207' title='bbox 1581 3543 1822 3599; x_wconf 89' lang='lat' dir='ltr'>tantum</span> <span class='ocrx_word' id='word_1_208' title='bbox 1868 3534 2327 3622; x_wconf 80' lang='lat' dir='ltr'>impugnamus,</span> <span class='ocrx_word' id='word_1_209' title='bbox 2373 3531 2549 3622; x_wconf 89' lang='lat' dir='ltr'>quod</span> 
     </span>
    </p>
   </div>
   <div class='ocr_carea' id='block_1_3' title="bbox 442 3705 831 3716">
    <p class='ocr_par' dir='ltr' id='par_1_3' title="bbox 442 3705 831 3716">
     <span class='ocr_line' id='line_1_29' title="bbox 442 3705 831 3716; baseline 0 1147"><span class='ocrx_word' id='word_1_210' title='bbox 442 3705 831 3716; x_wconf 95' lang='lat' dir='ltr'> </span> 
     </span>
    </p>
   </div>
   <div class='ocr_carea' id='block_1_4' title="bbox 440 3796 2550 4309">
    <p class='ocr_par' dir='ltr' id='par_1_4' title="bbox 440 3796 2550 4309">
     <span class='ocr_line' id='line_1_30' title="bbox 583 3796 2550 3872; baseline 0.002 -20"><span class='ocrx_word' id='word_1_211' title='bbox 583 3796 704 3868; x_wconf 78' lang='lat'>139)</span> <span class='ocrx_word' id='word_1_212' title='bbox 741 3797 825 3854; x_wconf 90' lang='lat' dir='ltr'>De</span> <span class='ocrx_word' id='word_1_213' title='bbox 861 3798 967 3853; x_wconf 88' lang='lat' dir='ltr'>hac</span> <span class='ocrx_word' id='word_1_214' title='bbox 1004 3816 1066 3853; x_wconf 88' lang='lat' dir='ltr'>re</span> <span class='ocrx_word' id='word_1_215' title='bbox 1107 3800 1386 3855; x_wconf 82' lang='lat' dir='ltr'>conferas:</span> <span class='ocrx_word' id='word_1_216' title='bbox 1444 3798 1636 3856; x_wconf 86' lang='lat' dir='ltr'>Letter</span> <span class='ocrx_word' id='word_1_217' title='bbox 1672 3800 1735 3856; x_wconf 82' lang='lat' dir='ltr'>of</span> <span class='ocrx_word' id='word_1_218' title='bbox 1767 3800 1955 3856; x_wconf 89' lang='lat' dir='ltr'>Bacon</span> <span class='ocrx_word' id='word_1_219' title='bbox 1991 3805 2047 3856; x_wconf 88' lang='lat' dir='ltr'>to</span> <span class='ocrx_word' id='word_1_220' title='bbox 2087 3802 2180 3857; x_wconf 87' lang='lat' dir='ltr'>the</span> <span class='ocrx_word' id='word_1_221' title='bbox 2205 3801 2335 3871; x_wconf 83' lang='lat' dir='ltr'>king</span> <span class='ocrx_word' id='word_1_222' title='bbox 2371 3798 2550 3872; x_wconf 88' lang='lat' dir='ltr'>(Tom.</span> 
     </span>
     <span class='ocr_line' id='line_1_31' title="bbox 443 3884 2549 3959; baseline 0.001 -19"><span class='ocrx_word' id='word_1_223' title='bbox 443 3885 523 3940; x_wconf 89' lang='lat' dir='ltr'>VI.</span> <span class='ocrx_word' id='word_1_224' title='bbox 561 3900 620 3954; x_wconf 85' lang='lat' dir='ltr'>p.</span> <span class='ocrx_word' id='word_1_225' title='bbox 658 3884 802 3956; x_wconf 86' lang='lat'>157.)</span> <span class='ocrx_word' id='word_1_226' title='bbox 848 3900 993 3955; x_wconf 86' lang='lat' dir='ltr'>quae</span> <span class='ocrx_word' id='word_1_227' title='bbox 1041 3885 1164 3941; x_wconf 86' lang='lat' dir='ltr'>data</span> <span class='ocrx_word' id='word_1_228' title='bbox 1212 3892 1301 3942; x_wconf 89' lang='lat' dir='ltr'>est</span> <span class='ocrx_word' id='word_1_229' title='bbox 1332 3886 1457 3959; x_wconf 84' lang='lat' dir='ltr'>July</span> <span class='ocrx_word' id='word_1_230' title='bbox 1495 3890 1592 3955; x_wconf 77' lang='lat'>25,</span> <span class='ocrx_word' id='word_1_231' title='bbox 1634 3890 1788 3946; x_wconf 86' lang='lat'>1617.</span> <span class='ocrx_word' id='word_1_232' title='bbox 1873 3886 2064 3944; x_wconf 87' lang='lat' dir='ltr'>Letter</span> <span class='ocrx_word' id='word_1_233' title='bbox 2100 3891 2163 3945; x_wconf 83' lang='lat' dir='ltr'>of</span> <span class='ocrx_word' id='word_1_234' title='bbox 2194 3889 2287 3945; x_wconf 89' lang='lat' dir='ltr'>the</span> <span class='ocrx_word' id='word_1_235' title='bbox 2322 3887 2454 3959; x_wconf 80' lang='lat' dir='ltr'>king</span> <span class='ocrx_word' id='word_1_236' title='bbox 2489 3888 2549 3943; x_wconf 90' lang='lat' dir='ltr'>in</span> 
     </span>
     <span class='ocr_line' id='line_1_32' title="bbox 443 3969 2548 4047; baseline 0 -19"><span class='ocrx_word' id='word_1_237' title='bbox 443 3987 669 4028; x_wconf 89' lang='lat' dir='ltr'>answer</span> <span class='ocrx_word' id='word_1_238' title='bbox 705 3980 762 4027; x_wconf 90' lang='lat' dir='ltr'>to</span> <span class='ocrx_word' id='word_1_239' title='bbox 798 3969 882 4027; x_wconf 91' lang='lat' dir='ltr'>his</span> <span class='ocrx_word' id='word_1_240' title='bbox 902 3971 1211 4045; x_wconf 89' lang='lat' dir='ltr'>Lordships</span> <span class='ocrx_word' id='word_1_241' title='bbox 1247 3974 1427 4043; x_wconf 89' lang='lat' dir='ltr'>letter;</span> <span class='ocrx_word' id='word_1_242' title='bbox 1465 3973 1657 4031; x_wconf 87' lang='lat' dir='ltr'>Letter</span> <span class='ocrx_word' id='word_1_243' title='bbox 1695 3975 1758 4030; x_wconf 79' lang='lat' dir='ltr'>of</span> <span class='ocrx_word' id='word_1_244' title='bbox 1780 3975 2157 4047; x_wconf 84' lang='lat' dir='ltr'>Buckingham</span> <span class='ocrx_word' id='word_1_245' title='bbox 2194 3981 2250 4032; x_wconf 90' lang='lat' dir='ltr'>to</span> <span class='ocrx_word' id='word_1_246' title='bbox 2278 3975 2371 4033; x_wconf 89' lang='lat' dir='ltr'>the</span> <span class='ocrx_word' id='word_1_247' title='bbox 2395 3974 2548 4033; x_wconf 87' lang='lat' dir='ltr'>Lord</span> 
     </span>
     <span class='ocr_line' id='line_1_33' title="bbox 441 4059 2548 4135; baseline 0 -19"><span class='ocrx_word' id='word_1_248' title='bbox 441 4062 663 4131; x_wconf 87' lang='lat' dir='ltr'>Keeper</span> <span class='ocrx_word' id='word_1_249' title='bbox 699 4061 902 4119; x_wconf 87' lang='lat' dir='ltr'>Bacon.</span> <span class='ocrx_word' id='word_1_250' title='bbox 939 4061 1064 4135; x_wconf 84' lang='lat' dir='ltr'>July</span> <span class='ocrx_word' id='word_1_251' title='bbox 1101 4064 1255 4120; x_wconf 88' lang='grc'><strong>1617.</strong></span> <span class='ocrx_word' id='word_1_252' title='bbox 1292 4065 1445 4119; x_wconf 91' lang='lat' dir='ltr'>Tom.</span> <span class='ocrx_word' id='word_1_253' title='bbox 1467 4063 1553 4118; x_wconf 85' lang='lat' dir='ltr'>V1.</span> <span class='ocrx_word' id='word_1_254' title='bbox 1589 4059 1645 4133; x_wconf 85' lang='lat' dir='ltr'>p.</span> <span class='ocrx_word' id='word_1_255' title='bbox 1666 4064 1785 4120; x_wconf 85' lang='lat'>161.</span> <span class='ocrx_word' id='word_1_256' title='bbox 1824 4068 1880 4118; x_wconf 90' lang='lat' dir='ltr'>et</span> <span class='ocrx_word' id='word_1_257' title='bbox 1918 4065 2035 4122; x_wconf 86' lang='lat'><strong>165.</strong></span> <span class='ocrx_word' id='word_1_258' title='bbox 2094 4063 2548 4133; x_wconf 81' lang='lat' dir='ltr'>Csr.Edinburgh</span> 
     </span>
     <span class='ocr_line' id='line_1_34' title="bbox 440 4148 2547 4223; baseline 0.001 -19"><span class='ocrx_word' id='word_1_259' title='bbox 440 4149 682 4208; x_wconf 84' lang='lat' dir='ltr'>Review.</span> <span class='ocrx_word' id='word_1_260' title='bbox 719 4148 845 4220; x_wconf 81' lang='lat' dir='ltr'>July</span> <span class='ocrx_word' id='word_1_261' title='bbox 884 4152 1035 4208; x_wconf 83' lang='lat'><strong>1837.</strong></span> <span class='ocrx_word' id='word_1_262' title='bbox 1072 4166 1128 4220; x_wconf 85' lang='lat' dir='ltr'>p.</span> <span class='ocrx_word' id='word_1_263' title='bbox 1147 4155 1232 4208; x_wconf 87' lang='grc'>47.</span> <span class='ocrx_word' id='word_1_264' title='bbox 1272 4157 1329 4207; x_wconf 85' lang='lat' dir='ltr'>et</span> <span class='ocrx_word' id='word_1_265' title='bbox 1349 4150 1650 4207; x_wconf 86' lang='lat' dir='ltr'>nonnullas</span> <span class='ocrx_word' id='word_1_266' title='bbox 1675 4149 1806 4206; x_wconf 84' lang='lat' dir='ltr'>alias</span> <span class='ocrx_word' id='word_1_267' title='bbox 1831 4151 2067 4209; x_wconf 87' lang='lat' dir='ltr'>Baconis</span> <span class='ocrx_word' id='word_1_268' title='bbox 2094 4152 2376 4222; x_wconf 82' lang='lat' dir='ltr'>epistolaS,</span> <span class='ocrx_word' id='word_1_269' title='bbox 2404 4166 2547 4223; x_wconf 87' lang='lat' dir='ltr'>quas</span> 
     </span>
     <span class='ocr_line' id='line_1_35' title="bbox 442 4235 1261 4309; baseline 0.005 -18"><span class='ocrx_word' id='word_1_270' title='bbox 442 4235 707 4294; x_wconf 87' lang='lat' dir='ltr'>exhibere</span> <span class='ocrx_word' id='word_1_271' title='bbox 743 4237 832 4293; x_wconf 90' lang='lat' dir='ltr'>hic</span> <span class='ocrx_word' id='word_1_272' title='bbox 868 4239 1261 4309; x_wconf 82' lang='lat' dir='ltr'>praetermitto.</span> 
     </span>
    </p>
   </div>
  </div>
 </body>
</html>
