2998 4863
1255 351 1688 412 ...80-

422 523 574 589 dum
619 522 953 609 accingere
1000 542 1115 587 nos
1161 521 1477 599 volumuS,
1526 523 1672 609 quia
1720 539 1934 608 neque
1982 520 2144 585 inter
2188 531 2521 605 nosti-atesi,

418 657 631 724 neque
680 638 842 702 inter
889 636 1099 703 Gallos
1147 649 1210 703 et
1253 635 1515 723 Anglos,
1573 646 1886 723 quatenus
1933 655 2046 701 eos
2096 635 2519 722 cognovimus

420 753 605 816 vitam
664 753 802 838 ejus
857 751 994 816 sine
1050 752 1141 815 ira
1199 761 1262 816 et
1318 749 1525 815 studio
1593 751 1933 838 quisquam
2005 749 2341 837 hucusque
2402 749 2519 815 ad-

418 865 745 933 umbravit.
835 868 1061 932 Nostro
1119 865 1377 932 tandem
1435 866 1693 932 saeculo
1749 885 1947 952 opera
1989 865 2257 931 Baconis
2311 866 2522 930 omnia

422 979 688 1046 collecta
737 991 911 1065 sunt,
972 981 1089 1064 ita,
1149 991 1213 1046 ut
1258 1000 1427 1046 nunc
1485 980 1747 1046 demum
1796 1001 2018 1047 omnes
2065 980 2268 1046 fonte-s
2312 979 2520 1044 adsint

416 1094 501 1160 ad
562 1096 701 1183 ejus
770 1096 957 1161 vitam
1025 1106 1090 1160 et
1156 1095 1437 1161 indolem
1506 1096 1695 1183 plene
1763 1094 2292 1184 cognoscendam.
2397 1095 2520 1173 Qui

414 1210 600 1297 primi
629 1211 896 1276 Bacenis
941 1211 1128 1276 vitam
1160 1209 1650 1297 descripserunt,
1695 1210 1958 1301 Rawley
2001 1222 2066 1277 et
2091 1209 2302 1275 Mallet
2329 1228 2519 1296 prae-

417 1334 747 1411 ceptorum
808 1336 872 1391 et
931 1323 1256 1390 doctrinae
1314 1326 1688 1412 sapientiam
1756 1323 2077 1404 admirati,
2139 1324 2347 1390 omnia
2403 1345 2519 1389 ne-

416 1438 750 1525 glexerunt
798 1450 863 1505 et
908 1441 1296 1527 rejecerunt,
1351 1460 1523 1527 quae
1571 1441 1711 1527 ejus
1757 1434 1972 1507 mores
2017 1459 2321 1507 accusare
2366 1459 2518 1525 pos-

414 1564 576 1621 sent.
668 1554 755 1617 Ex
798 1555 1070 1641 posteris
1113 1552 1367 1640 plurimi
1411 1554 1530 1645 hos
1575 1556 1776 1621 secuti
1834 1566 1993 1622 sunt.
2082 1555 2172 1619 Ex
2226 1553 2520 1619 omnibus

418 1666 720 1746 fontibus,
790 1668 899 1755 qui
976 1666 1061 1730 ad
1136 1666 1326 1733 vitam
1394 1669 1664 1734 Baconis
1730 1669 2200 1758 intelligendam
2267 1668 2519 1749 faciunt,

415 1782 706 1848 hausisse
777 1781 1024 1849 videtur
1090 1781 1254 1847 Basil
1308 1783 1600 1872 Montagu
1669 1785 1733 1849 in
1798 1784 1922 1851 vita
1987 1784 2253 1850 Bacenis
2324 1803 2517 1872 quam

413 1897 791 1964 novissimae
837 1899 1105 1964 Bacenis
1152 1895 1409 1963 editioni
1460 1903 1632 1967 1837
1690 1898 1951 1986 adjecit,
2018 1899 2135 1964 sed
2193 1917 2516 1987 nunquam

412 2012 539 2079 vidi
583 2034 797 2101 neque
843 2012 1008 2078 hanc
1054 2012 1424 2091 editionem,
1483 2035 1699 2103 neque
1744 2012 1913 2079 hunc
1959 2013 2043 2079 de
2086 2013 2352 2079 Baconis
2395 2013 2518 2079 vita

413 2128 956 2195 commentarium.
1047 2126 1180 2193 Sed
1225 2128 1279 2193 si
1323 2126 1521 2194 fidem
1568 2127 1811 2194 habere
1870 2148 2210 2215 possumus
2259 2126 2517 2216 judicic,

413 2243 587 2332 quod
636 2242 1002 2330 Edinburgh
1048 2243 1302 2307 Review
1347 2242 1494 2333 July
1541 2245 1714 2312 1837
1761 2244 1913 2324 tulit,
1957 2242 2263 2333 quodque
2309 2242 2519 2308 Halla-

411 2380 555 2424 mus
615 2356 913 2434 laudavit,
981 2355 1170 2444 hujus
1225 2356 1387 2423 vitae
1448 2369 1669 2424 auctor
1735 2358 1897 2458 inter
1937 2330 2187 2424 ffimnes
2242 2358 2515 2424 maximo

414 2473 692 2561 partium
738 2471 948 2538 studio
994 2471 1078 2543 ad
1123 2471 1379 2537 nimiam
1422 2474 1691 2540 Baconis
1736 2474 1996 2541 laudem
2049 2473 2355 2541 seductus
2401 2483 2512 2539 est.

592 2585 935 2671 Quomodo
981 2586 1169 2653 vitam
1216 2605 1396 2654 suam
1441 2589 1612 2655 Baco
1659 2589 2015 2668 instituerit,
2074 2610 2220 2656 cum
2257 2587 2513 2676 judiciis

412 2714 479 2769 et
520 2703 789 2789 negotiis
837 2701 1106 2789 publicis
1152 2703 1514 2782 interesset,
1582 2705 2069 2771 commentarius
2117 2705 2250 2792 jam
2308 2702 2514 2768 dictus

411 2817 471 2881 in
517 2814 887 2905 Edinhurgh
932 2817 1190 2882 Review
1235 2838 1560 2905 exponere
1608 2831 1895 2899 conatur;
1966 2839 2243 2907 cumque
2303 2829 2513 2885 extre-

407 2952 553 2998 mae
620 2933 781 3020 parti
848 2952 1069 2998 eorum
1132 2933 1240 3019 qui
1297 2931 1655 3000 libertatem
1723 2935 1936 3002 volunt
2004 2934 2211 3001 faveat
2277 2944 2514 3010 auctor,

406 3049 723 3114 Baconem
784 3047 1180 3113 condemnat
1272 3049 1575 3132 Quamvis
1633 3049 1804 3114 haud
1861 3068 2066 3137 pauca
2122 3049 2277 3133 sint,
2344 3068 2510 3136 quae

407 3183 531 3227 non
601 3160 973 3248 probamuS,
1041 3161 1144 3226 hic
1210 3172 1424 3228 tamen
1492 3164 1655 3231 inter
1722 3184 1944 3230 omnes
2004 3163 2357 3251 justissime
2426 3160 2507 3227 de

404 3277 659 3342 Bacone
697 3274 1034 3363 judicavit,
1080 3275 1199 3342 sed
1245 3299 1570 3367 nunquam
1617 3280 1822 3347 fontes
1867 3279 2236 3361 nominavit,
2283 3299 2320 3344 e
2369 3277 2509 3366 qui-

404 3390 528 3457 bus
586 3389 879 3455 hauserit.
981 3390 1167 3469 Quod
1227 3412 1345 3458 nos
1401 3415 1652 3460 summa
1711 3415 1858 3461 cum
1928 3393 2249 3481 diligentia
2317 3394 2508 3459 facie-

403 3526 566 3576 mus,
644 3505 938 3573 Ceterum
983 3526 1132 3571 non
1176 3508 1408 3573 vitam
1454 3511 1655 3598 ejus,
1702 3508 1823 3575 sed
1867 3529 2151 3589 mores,
2197 3530 2390 3597 quos
2435 3508 2510 3572 in

403 3620 746 3709 negotiis
790 3618 1138 3709 publicis
1183 3622 1847 3692 administrandis
1893 3622 2199 3705 habuit,
2261 3622 2507 3690 descri-

399 3734 559 3803 bere
602 3747 667 3803 et
712 3736 1092 3822 exemplis
1139 3737 1552 3806 illustrare
1596 3740 1990 3807 instituimus.

576 3848 821 3929 Quodsi
863 3850 926 3913 in
970 3852 1334 3917 universum
1379 3855 1570 3920 vitam
1618 3856 1791 3943 ejuS‚
1848 3876 2042 3943 quam
2086 3851 2341 3941 publice
2390 3850 2507 3917 de-

399 3964 512 4052 git,
571 3964 913 4042 intuemur,
972 3965 1394 4052 conspicimus
1450 3969 1681 4048 virum,
1740 3970 1834 4035 sui
1888 3980 2128 4036 tantum
2178 3964 2503 4034 commodi

398 4077 779 4156 studiosum,
834 4078 922 4154 iis,
972 4079 1081 4166 qui
1127 4080 1495 4148 auctoritate
1541 4082 1802 4170 pollent,
1848 4094 2296 4161 assentantem,
2341 4080 2508 4146 utili-

397 4202 590 4259 tatem
636 4192 1028 4280 reipublicae
1074 4214 1192 4260 suo
1251 4197 1591 4265 commodo
1649 4209 2172 4288 postponentem,
2231 4198 2333 4265 cui
2391 4216 2505 4262 ne-
