2998 4863
1377 341 1812 404 *34-

586 523 661 606 ⁶³)
708 519 1066 598 „Quatenus
1122 515 1208 581 ad
1266 512 1520 593 modos,
1589 532 1708 600 per
1768 530 1930 601 quos
1991 512 2356 579 conciliatur
2401 514 2623 591 unitas,

616 628 966 698 cavendum
1027 638 1124 694 est
1167 627 1555 709 hominibuS,
1610 648 1709 707 ne,
1757 627 1907 691 dum
1955 624 2260 690 unitatem
2305 626 2621 714 religionis

607 755 954 834 procurent
998 754 1063 809 et
1107 744 1402 823 muniant,
1448 742 1631 832 leges
1679 741 1996 809 charitatis
2043 749 2106 804 et
2140 741 2465 808 societatis
2497 742 2622 808 sol-

606 871 752 927 vant
797 870 864 926 et
911 858 1345 925 demoliantur.
1421 860 1591 924 Inter
1640 857 2023 923 Christianos
2070 853 2200 920 duo
2243 864 2488 921 tantum
2519 877 2623 922 re-

608 977 922 1066 cipiuntur
962 972 1172 1060 gladii,
1217 972 1570 1061 spiritualis
1600 993 1851 1060 nempe,
1898 981 1964 1037 et
1991 969 2375 1056 temporalis.
2441 971 2622 1037 Uter-

606 1111 735 1178 que
784 1098 998 1153 autem
1045 1106 1228 1153 suum
1274 1085 1470 1153 habet
1514 1087 1724 1154 locum
1773 1096 1835 1154 et
1881 1105 1998 1151 suo
2043 1083 2436 1173 perfungitur
2482 1107 2622 1152 mu-

605 1223 779 1281 nere,
810 1203 871 1267 in
899 1203 1208 1290 religione
1241 1200 1591 1268 Christiana
1618 1196 2081 1291 propugnanda
2112 1208 2178 1264 et
2207 1200 2618 1287 protegenda.

605 1315 739 1384 Sed
784 1317 1153 1404 neutiquam
1199 1316 1599 1404 arripiendus
1646 1327 1745 1384 est
1784 1314 2034 1404 gladius
2083 1315 2318 1394 tertiuS,
2367 1316 2476 1402 qui
2523 1325 2619 1381 est

605 1433 994 1512 MahometiS,
1040 1442 1149 1497 aut
1192 1430 1278 1496 illi
1324 1433 1560 1512 similis,
1607 1432 1730 1499 hoc
1777 1441 1889 1509 est,
1932 1438 2002 1494 ut
2043 1428 2414 1516 religionem
2448 1429 2619 1496 bello

600 1565 1047 1639 propagemus
1093 1554 1202 1609 aut
1236 1547 1517 1612 cruentis
1548 1542 2103 1632 persecutionibus
2130 1543 2254 1609 vim
2288 1546 2618 1612 conscien-

600 1662 699 1725 tiis
746 1661 1107 1739 inferamuS,
1154 1662 1437 1747 exceptis
1486 1659 1743 1727 casibus
1788 1657 2074 1726 scandali
2118 1660 2324 1746 aperti
2355 1670 2420 1726 et
2449 1662 2617 1725 inso-

600 1773 786 1839 lentis
829 1771 1272 1862 blasphemiae
1314 1785 1422 1842 aut
1450 1772 2018 1843 machinationibus
2049 1772 2358 1840 adversus
2388 1785 2617 1842 statum

595 1889 859 1970 civilem,
881 1910 965 1955 ne
1000 1889 1155 1958 dum
1185 1892 1514 1959 foveantur
1546 1890 1908 1972 seditioneS‚
1936 1890 2292 1957 animentur
2323 1891 2617 1979 conjura-

595 2005 801 2072 tiones
857 2016 926 2071 et
977 2005 1396 2091 rebelliones,
1456 2010 1703 2096 gladius
1759 2009 1824 2071 in
1876 2009 2103 2072 manus
2147 2005 2366 2093 populi
2409 2017 2617 2071 trans-

596 2119 835 2187 feratur
889 2132 957 2187 et
1013 2122 1265 2202 similia;
1317 2142 1491 2210 quae
1549 2122 1759 2187 omnia
1816 2120 2150 2185 manifesto
2206 2116 2476 2184 tendunt
2532 2117 2616 2184 ad

594 2237 998 2319 majestatem
1056 2237 1303 2320 imperii
1359 2235 1773 2299 minuendam
1820 2242 1885 2294 et
1931 2231 2369 2295 auctoritatem
2415 2231 2615 2315 magi-

596 2356 859 2410 stratum
905 2344 1445 2426 labefactandam
1492 2365 1642 2411 cum
1686 2354 1904 2408 tamen
1950 2342 2154 2406 omnis
2184 2341 2464 2424 legitima
2486 2358 2611 2423 po-

596 2470 789 2525 testas
859 2460 966 2525 sit·
1006 2480 1044 2525 a
1096 2463 1236 2527 Deo
1287 2459 1583 2526 ordinata
1639 2510 1655 2525 .
1703 2508 1718 2525 .
1758 2505 1781 2519 -.
1827 2506 1842 2519 .
1890 2507 1904 2519 .
1996 2454 2203 2532 Quem
2256 2449 2610 2518 admodum

591 2571 843 2661 gladius
898 2574 1003 2639 ille
1063 2574 1434 2662 temporalis
1485 2593 1616 2637 :non
1661 2581 1938 2649 tem-ere,
1994 2566 2116 2634 sed
2171 2586 2405 2655 magno
2463 2586 2608 2633 cum

585 2687 827 2775 judicio
885 2690 948 2752 in
1003 2685 1163 2754 casu
1219 2686 1538 2773 religionis
1586 2681 1990 2771 stringendus
2034 2691 2160 2763 est;
2216 2682 2304 2748 ita
2346 2684 2609 2749 monstri

591 2802 794 2867 simile
841 2812 956 2881 est,
1004 2822 1153 2867 eum
1195 2802 1262 2866 in
1307 2819 1536 2866 manus
1564 2798 1785 2887 populi
1813 2798 1999 2865 tradi.
2072 2797 2182 2864 Sic
2214 2798 2383 2864 enim
2416 2815 2607 2864 causa

591 2916 911 3005 religionis
942 2918 1026 2981 ad
1046 2915 1434 2984 execrabilia
1463 2916 1713 2983 scelera
1742 2914 2149 3002 praecipitari
2179 2923 2407 3001 potest,
2428 2913 2603 3001 prin-

591 3034 765 3124 cipes
811 3031 1205 3116 trucidandi,
1260 3034 1324 3098 in
1370 3030 1753 3120 populorum
1795 3030 1955 3097 vitas
2002 3028 2331 3119 grassandi
2376 3039 2443 3094 et
2485 3028 2605 3092 im-

585 3148 765 3233 peria
820 3145 1100 3213 funditus
1159 3148 1503 3216 evertendi.
1607 3148 1922 3225 Quocirca
1959 3146 2201 3233 justum
2249 3152 2374 3223 est,
2431 3151 2496 3209 et
2538 3140 2607 3206 id

586 3263 793 3347 ipsum
827 3263 1180 3329 necessitas
1211 3273 1575 3351 temporum
1606 3261 1865 3349 stagitat,
1905 3272 1974 3326 ut
2007 3258 2285 3326 ecclesia
2317 3258 2604 3325 doctrina

587 3396 701 3441 sua
761 3387 824 3442 et
879 3376 1157 3445 decretis
1217 3380 1372 3461 suis;
1434 3377 1757 3466 principes
1818 3374 2055 3464 gladio:
2114 3394 2472 3462 omnesque
2529 3372 2605 3436 li-

585 3502 761 3558 terae
809 3514 925 3559 seu
955 3495 1327 3585 religiosae,
1373 3512 1491 3559 seu
1538 3491 1850 3575 moraleS,
1896 3489 2183 3558 caduceo
2230 3508 2348 3554 suo
2394 3487 2459 3551 in
2504 3487 2602 3549 in-

585 3607 743 3674 ferni
790 3608 1162 3675 Barathrum
1209 3608 1514 3675 damnent
1545 3617 1609 3675 et
1641 3605 1983 3672 detrudant
2028 3606 2092 3671 in
2122 3601 2384 3670 saecula
2415 3597 2603 3686 hujus

566 3914 703 3980 „His
739 3913 1119 3968 fundamental
1157 3914 1384 3985 theory,
1441 3915 1515 3969 ait
1548 3914 1783 3981 Hallam,
1839 3911 1933 3966 the
1979 3908 2291 3981 mutability
2330 3910 2393 3965 of
2425 3910 2603 3966 eccle-

561 4001 799 4057 siastical
844 4005 1243 4070 government,
1289 4000 1392 4057 has
1429 4018 1492 4057 as
1527 4001 1660 4056 little
1699 3998 1928 4070 pleased
1962 3997 2142 4067 those,
2180 3998 2270 4053 for
2315 3997 2502 4054 whom
2528 3997 2600 4054 he

560 4095 759 4157 wrote,
798 4103 860 4143 as
898 4087 1077 4158 those,
1114 4087 1308 4143 whom
1341 4088 1415 4144 he
1451 4087 1697 4161 repelled
1734 4086 1814 4159 by
1849 4085 1937 4143 his
1972 4088 2224 4143 means.“

629 4177 719 4250 63)
756 4177 934 4233 Serm.
971 4175 1116 4235 fidel.
1156 4174 1227 4232 de
1265 4176 1479 4233 Unitate
1517 4175 1805 4233 ecelesiae.
1881 4176 2037 4233 Tom.
2075 4176 2144 4231 X.
2183 4192 2239 4247 p.
2277 4178 2363 4233 12.
