2998 4863
1237 359 1670 421 ...21-

405 547 706 609 exerceat
759 533 824 600 in
850 578 853 579 ν
877 531 1193 609 subditos,
1263 532 1395 597 sive
1454 533 1741 618 praemia
1796 534 1931 598 sive
1985 550 2227 619 poenas
2285 531 2499 599 distri-

404 651 682 722 buend0.
774 646 1112 713 Consilium
1160 645 1268 712 dat
1311 646 1465 734 regi,
1518 654 1587 709 ut
1634 654 1940 733 quantum
1985 645 2125 713 fieri
2170 648 2371 734 possit
2412 646 2498 715 ab

403 766 655 857 legibus
696 761 1065 830 innovandis
1110 760 1452 839 abstineat,
1508 780 1658 825 nam
1701 760 1867 827 sieut
1912 762 2165 848 corpori
2210 763 2502 842 humano,

402 886 492 950 ita
535 879 786 970 politico
833 879 1084 965 corpori
1127 896 1388 944 omnem
1433 872 1708 940 subitam
1751 877 2165 943 mutationem
2212 897 2358 944 esse
2388 897 2502 965 pe·

401 996 760 1064 riculosam.
834 992 1163 1058 Admonet·
1189 1010 1429 1077 regem,
1472 999 1544 1054 ut
1575 989 1860 1055 omnium
1888 990 2076 1056 simul
2105 990 2504 1059 subditorum

405 1111 585 1178 saluti
629 1106 977 1198 provideat,
1021 1105 1141 1172 sed
1187 1104 1373 1170 simul
1417 1104 1721 1190 permittit
1764 1105 2078 1171 nonnullis
2123 1124 2281 1193 prae
2329 1117 2501 1173 cete-

403 1227 490 1291 ris
545 1225 827 1290 animum
880 1219 1467 1287 benevolentiorem
1527 1217 1825 1306 probare.
1947 1221 2149 1308 Rogat
2206 1244 2379 1302 eum,
2436 1232 2505 1287 ut

400 1341 521 1406 Dei
580 1336 945 1424 exemplum
1001 1336 1249 1401 imitans
1307 1334 1496 1400 animi
1551 1332 1635 1399 ad
1680 1334 1943 1421 gratiam
1993 1345 2057 1400 et
2103 1334 2502 1402 clementiam

401 1454 707 1544 propensi
754 1450 1049 1539 exempla
1095 1449 1259 1528 edat,
1305 1447 1426 1515 sed
1473 1458 1537 1514 et
1570 1449 1851 1536 justitiae
1881 1449 2158 1537 rigorem
2190 1459 2507 1532 exerceat,

401 1588 482 1634 ne
529 1565 764 1633 homini
815 1562 1098 1655 capitalis
1147 1565 1421 1632 criminis
1468 1573 1769 1631 accusato
1813 1574 2050 1652 parcat.
2124 1560 2285 1630 Nam
2316 1565 2506 1630 etiam

402 1683 526 1748 hoc
580 1680 711 1747 vult
765 1681 960 1762 Baco‚
1024 1691 1094 1746 ut
1147 1701 1263 1746 rex
1316 1690 1558 1745 metum
1614 1678 1873 1766 injiciat,
1941 1678 2060 1745 sed
2117 1679 2231 1765 ita,
2300 1689 2370 1743 ut
2430 1698 2508 1743 ex

398 1817 621 1864 amore
668 1805 880 1862 metus
921 1805 1221 1860 nascatur
1239 1797 1339 1880 ³⁹).

544 1954 547 1959 -
580 1907 776 1985 Quod
819 1907 876 1968 si
917 1905 1323 1968 meminimus
1365 1901 1547 1967 unde
1588 1903 1995 1968 monarchiae
2035 1905 2305 1970 formam
2337 1903 2509 1969 deri-

406 2019 649 2088 vaverit
685 2019 874 2096 Banu,
920 2026 986 2082 et
1034 2030 1231 2104 quam
1276 2013 1359 2080 ob
1406 2032 1546 2080 rem
1591 2013 1759 2079 hanc
1801 2012 2191 2100 reipublicae
2238 2017 2510 2083 formam

409 2133 640 2201 ceteris
708 2129 1054 2219 generibus
1119 2130 1440 2218 praeferat
1462 2181 1476 2209 ‚
1542 2128 1729 2195 facile
1797 2128 2034 2196 fontem
2101 2131 2544 2215 inveniemuss

407 2247 580 2315 unde
632 2249 801 2312 Baco
856 2246 1020 2312 haec
1074 2254 1424 2332 praecepta
1480 2243 1835 2310 deduxerit.
1939 2247 2100 2311 Nam
2157 2265 2303 2311 cum
2362 2267 2510 2312 eum

402 2363 580 2451 patri,
623 2360 889 2427 familias
946 2368 1274 2449 comparet
1290 2362 1365 2447 ⁴⁰)
1412 2359 1574 2424 sicut
1620 2368 1685 2424 et
1727 2360 1937 2426 Deum
1986 2371 2286 2450 tanquam
2332 2382 2509 2426 sum*

400 2500 576 2543 mum
620 2476 948 2542 hominum
991 2486 1260 2563 patrem,
1306 2494 1558 2540 summo
1599 2475 1835 2541 rectori
1865 2476 2127 2543 civitatis
2155 2498 2286 2543 non
2315 2478 2510 2542 alium

400 2590 699 2659 concedit
742 2591 974 2674 locum,
1021 2590 1402 2679 dignitatem,
1451 2600 1517 2655 et
1559 2592 1888 2672 rationem,
1941 2613 2071 2680 qua
2118 2593 2509 2659 contineatur

400 2728 551 2775 cum
605 2705 903 2787 subditis,
973 2726 1170 2795 quam
1225 2705 1388 2792 patri
1444 2705 1609 2770 inter
1662 2704 1902 2772 liberos
1958 2729 2128 2774 suos,
2240 2708 2355 2773 Hic
2411 2716 2513 2773 est

405 2823 587 2911 quasi
642 2822 748 2887 lex
806 2822 1024 2888 vivens
1082 2822 1145 2885 in
1201 2820 1461 2902 familia,
1519 2819 1624 2885 hic
1684 2832 1782 2885 est
1825 2822 2192 2888 moderator
2236 2823 2508 2909 sapienS,

402 2938 513 3025 qui
571 2934 866 3003 omnibus
924 2955 1136 3021 aeque
1180 2934 1514 3020 prospicit,
1568 2935 1999 3019 praemiorum
2045 2946 2111 3001 et
2155 2957 2507 3023 poenarum

395 3052 604 3139 justus
653 3048 1045 3129 distributor3
1093 3048 1197 3114 hic
1227 3057 1328 3114 est
1358 3048 1466 3135 qui
1496 3069 1615 3135 pro
1647 3050 2115 3134 opportunitate
2147 3060 2505 3135 temporum

398 3176 470 3231 et
515 3165 739 3231 aetatis
784 3162 1130 3229 liberorum
1178 3184 1440 3229 suorum
1484 3163 1606 3230 sed
1653 3163 1878 3247 rarius,
1925 3173 1989 3229 et
2032 3164 2117 3229 ita
2162 3177 2231 3230 ut
2267 3165 2508 3231 nullum

404 3278 554 3345 inde
600 3278 955 3363 periculum
1003 3277 1455 3364 proficiscatur,
1498 3280 1679 3367 leges
1726 3288 1792 3345 et
1836 3301 2052 3347 mores
2094 3281 2396 3347 immutat.
2420 3322 2506 3333 -

403 3392 537 3460 Sed
591 3390 962 3483 praeclarae
1006 3391 1153 3457 huic
1195 3394 1450 3480 imagini
1493 3415 1623 3459 non
1668 3416 1926 3481 semper
1971 3407 2147 3462 aetas
2192 3397 2321 3475 illa,
2380 3416 2505 3483 qua

402 3512 572 3575 Baco
628 3506 804 3584 vixit,
855 3504 1215 3592 respondit,
1276 3516 1339 3572 et
1394 3506 1498 3573 hic
1557 3510 1697 3594 ipse
1756 3529 1884 3573 non
1941 3529 2201 3595 semper
2246 3518 2504 3575 aeterna

406 3791 498 3847 lex
542 3791 786 3861 loquens
830 3788 1076 3858 himself,
1132 3787 1232 3844 but
1276 3789 1525 3845 because
1574 3788 1644 3845 he
1687 3791 1984 3848 animateth
2022 3793 2113 3851 the
2151 3794 2294 3851 dead
2330 3794 2504 3865 letter,

405 3878 633 3947 making
667 3878 708 3931 it
743 3880 921 3935 active
957 3877 1205 3934 towards
1243 3875 1311 3933 all
1347 3875 1434 3934 his
1471 3878 1722 3949 subjects
1758 3882 2009 3951 praemio
2048 3889 2103 3939 et
2131 3886 2378 3955 ·poena.“

547 3964 637 4035 39)
671 3965 808 4021 That
839 3966 969 4038 king
1004 3967 1191 4023 which
1227 3969 1274 4024 is
1311 3974 1413 4023 not
1447 3967 1654 4037 feared‚
1697 3970 1744 4025 is
1777 3974 1880 4026 not
1915 3970 2098 4043 loved3
2138 3972 2249 4029 and
2286 3972 2357 4028 he
2392 3972 2506 4028 that

409 4053 457 4107 is
511 4051 639 4105 well
683 4069 820 4109 seen
873 4057 929 4110 in
977 4055 1063 4112 his
1108 4056 1277 4126 kraft,
1333 4062 1482 4112 must
1530 4074 1590 4113 as
1638 4057 1764 4113 well
1813 4059 1983 4132 study
2018 4066 2074 4116 to
2112 4060 2184 4117 be
2221 4061 2404 4116 feared
2442 4075 2505 4113 as

410 4136 603 4206 loved3
639 4145 734 4211 yet
766 4147 864 4197 not
898 4144 1065 4200 loved
1102 4146 1188 4201 for
1225 4146 1368 4214 sear,
1407 4146 1508 4203 but
1542 4147 1731 4203 feared
1770 4149 1856 4203 for
1894 4148 2019 4203 love
2054 4148 2095 4219 (!
2111 4148 2142 4219 )

549 4224 637 4297 40)
676 4226 811 4282 Vide
846 4244 968 4298 pag.
1005 4234 1092 4286 25.
1129 4227 1547 4291 dissertationis,
