2998 4863
1319 357 1753 421 —79-

488 540 687 596 vocat.
777 526 1021 592 Praelia
1077 527 1317 593 navalia
1363 532 1579 616 quanti
1627 532 1854 597 suerint
1899 532 2201 595 momenti
2247 552 2327 596 ex
2373 532 2583 598 multis

488 657 711 732 patere
761 642 1083 728 exemplis,
1175 641 1366 719 „Illud
1413 645 1669 710 minime
1719 643 1999 722 dubium,
2044 644 2218 732 quod
2255 647 2363 733 qui
2394 649 2584 712 maris

489 761 725 847 potitur
769 758 1060 835 dominio,
1106 758 1168 821 in
1214 777 1440 844 magna
1488 757 1779 826 libertate
1826 760 1947 849 agit
1987 770 2050 825 et
2077 770 2335 840 tantum,
2383 781 2583 849 quan-

488 886 624 939 tum
669 873 829 951 velit,
874 871 957 937 de
1003 864 1179 937 bello
1220 892 1477 938 sumere
1525 885 1757 960 potest:
1809 875 1917 939 ubi
1960 885 2195 952 contra,
2242 876 2348 963 qui
2381 886 2583 941 terre-

489 988 722 1056 stribus
781 987 978 1074 copiis
1035 996 1133 1052 est
1189 987 1504 1076 superior,
1571 989 1968 1055 nihilominus
2024 989 2308 1076 plurimis
2352 1010 2587 1078 angus-

488 1106 588 1171 tiis
644 1101 1053 1196 conflictatur.
1153 1103 1230 1165 At
1286 1100 1479 1167 hodie
1536 1114 1730 1190 atque
1789 1103 1963 1191 apud
2031 1124 2147 1169 nos
2204 1105 2586 1191 Europaeos,

487 1221 540 1284 si
597 1237 881 1306 unquam
938 1226 1046 1280 aut
1099 1215 1347 1302 uspiam
1401 1218 1682 1303 potentia
1748 1219 1984 1283 navalis
2054 1221 2257 1306 (quae
2326 1219 2588 1306 quidem

484 1334 633 1399 huic
677 1352 877 1419 regno
922 1330 1273 1394 Britanniae
1320 1330 1381 1394 in
1430 1331 1647 1397 dotem
1696 1334 1921 1420 cessit)
1971 1335 2199 1399 summi
2246 1332 2331 1398 ad
2373 1355 2589 1401 rerum

486 1448 733 1536 fastigia
794 1444 1095 1511 momenti
1141 1453 1262 1509 est:
1324 1457 1457 1510 tum
1506 1447 1656 1534 quia
1699 1447 2010 1535 pleraque
2057 1448 2347 1535 Europae
2393 1468 2591 1536 regna

484 1560 957 1629 mediterranea
1001 1559 1369 1646 simpliciter
1414 1579 1541 1625 non
1586 1571 1748 1635 sunt,
1801 1559 1920 1626 sed
1964 1563 2237 1627 maxima
2284 1583 2364 1627 ex
2407 1572 2590 1649 parte

484 1676 641 1742 mari
689 1674 920 1753 cincta,
988 1685 1122 1739 tum
1181 1674 1400 1750 etiam,
1471 1675 1619 1762 quia
1674 1676 2007 1763 utriusque
2051 1675 2267 1742 Indiae
2311 1677 2592 1743 thesauri

487 1804 551 1858 et
595 1810 753 1878 opes
800 1789 1067 1875 imperio
1114 1788 1320 1865 mariS,
1366 1788 1556 1852 veluti
1603 1791 2037 1855 accessorium
2068 1791 2374 1877 quiddam
2423 1793 2588 1858 exis-

484 1917 670 1972 tunt.“
759 1903 827 1968 Si
872 1914 1084 1968 antem
1130 1902 1451 1967 Baconem
1496 1898 1788 1965 videmus
1835 1904 2182 1989 potentiam
2228 1915 2293 1968 et
2323 1906 2592 1971 salutem

487 2018 877 2109 reipublicae
935 2017 996 2081 in
1056 2014 1363 2081 bellicosa
1422 2014 1637 2080 indole
1696 2016 1925 2081 civium
1981 2037 2250 2103 ponere,
2317 2025 2386 2080 ut
2431 2015 2592 2082 fines

497 2136 774 2221 proferre
841 2131 1072 2220 possit,
1141 2131 1204 2194 in
1270 2130 1392 2197 hac
1460 2151 1533 2196 re
1588 2131 1910 2195 Baconem
1979 2131 2111 2196 suis
2180 2130 2264 2195 de
2331 2132 2593 2198 civitatis

497 2269 739 2314 summo
782 2247 911 2313 fine
957 2246 1283 2313 sententiis
1341 2247 1727 2312 contrarium
1780 2244 2087 2311 videmus
2178 2246 2345 2330 Quid
2406 2247 2594 2329 enim,

493 2364 548 2428 si
591 2363 949 2452 respublica
1000 2334 1089 2428 flil
1147 2362 1384 2449 expetit
1428 2363 1545 2428 nisi
1604 2361 1795 2425 latam
1856 2358 2391 2426 dominationem?
2445 2382 2592 2427 nam

490 2480 708 2568 populi
761 2500 888 2547 non
944 2490 1115 2557 sunt,
1171 2489 1239 2544 ut
1285 2476 1651 2565 respublica
1709 2475 1829 2541 sub
1888 2477 2157 2563 imperio
2204 2497 2317 2542 eos
2365 2488 2592 2554 teneat,

489 2593 608 2661 sed
652 2594 1017 2682 respublica
1063 2606 1161 2682 est
1207 2591 1289 2658 ad
1336 2592 1605 2659 salutem
1650 2592 2032 2680 populorum
2079 2593 2178 2671 ita,
2222 2603 2291 2656 ut
2332 2594 2594 2657 summis

487 2710 672 2778 bonis
719 2730 887 2798 quae
932 2708 1292 2775 hominibus
1341 2707 1704 2796 expetenda·
1748 2720 1905 2786 sunt,
1949 2709 2255 2787 inserviat,
2289 2705 2595 2793 reipubli-

488 2845 609 2892 cae
652 2825 1021 2890 institutum.
1113 2823 1184 2887 ld
1233 2824 1423 2887 etiam
1469 2823 1606 2887 aliis
1653 2824 1716 2887 in
1762 2823 1920 2887 locis
1964 2825 2131 2888 Baco
2179 2822 2345 2891 vidit.

1330 3036 1749 3044 w

1480 3232 1607 3304 lv.

668 3398 1009 3483 Postquam
1081 3393 1429 3460 sententias
1499 3393 1768 3459 Baconis
1839 3392 1921 3459 de
1989 3397 2257 3482 negotiis
2324 3395 2596 3482 publicis

492 3508 1007 3576 administrandis
1055 3507 1492 3594 exposuimus,
1539 3505 1816 3575 breviter
1864 3509 1974 3596 qui
2021 3511 2160 3596 ejus
2219 3530 2475 3575 mores
2521 3524 2597 3576 et

494 3628 654 3693 vita
698 3626 994 3692 fuerint
1039 3624 1111 3688 in
1158 3620 1615 3687 muneribus
1662 3621 2034 3709 publiciS‚
2092 3622 2327 3711 quibus
2373 3624 2595 3713 funge-

493 3740 710 3823 batur,
792 3740 1136 3808 videamuS.
1250 3738 1657 3825 Quamquam
1725 3738 1913 3804 vitam
1980 3737 2334 3827 philosophi
2401 3743 2596 3807 nostri

496 3859 754 3925 minime
804 3855 1164 3923 consentire
1210 3851 1502 3919 videmus
1550 3874 1699 3919 cum
1742 3854 1906 3920 vitae
1949 3853 2205 3942 reguliS,
2251 3876 2412 3943 quas
2458 3857 2595 3945 ipse

490 3974 826 4059 proposuit
880 3986 946 4038 et
996 3968 1182 4038 valde
1240 3968 1652 4056 injucundum
1698 3968 1882 4035 nobis
1927 3971 2361 4057 spectaculum
2407 3992 2596 4059 prae-

495 4083 634 4165 bet,
710 4106 857 4152 cum
928 4084 1305 4173 sapientium
1382 4083 1808 4150 doctrinarum
1876 4096 2201 4151 auctorem
2278 4086 2598 4172 sapienter

499 4201 691 4264 etiarn
748 4201 959 4268 vivere
1004 4198 1473 4268 desideremus:
1543 4210 1754 4265 tamen
1802 4198 1885 4264 ad
1932 4199 2056 4264 hoc
2102 4218 2263 4283 opus
2310 4200 2597 4285 injucun-
