2998 4863
1191 403 1625 468 -67-

358 577 697 646 concilium
752 574 818 642 id
872 586 1109 641 tantum
1165 587 1442 665 spectet,
1501 576 1652 663 quid
1722 573 1869 640 inde
1925 576 2164 641 fructus
2225 594 2451 661 respu-

358 693 526 759 blica
585 694 921 779 percipere
967 692 1196 778 possit,
1250 691 1536 758 nondum
1584 690 1649 756 id
1698 687 1987 767 curabat,
2044 701 2112 753 ut
2160 689 2459 767 coloniae,

356 828 508 874 cum
554 825 747 872 onera
793 815 858 869 et
902 805 1230 893 vectigalia
1275 826 1313 870 a
1357 805 1690 894 republica
1734 804 1905 870 unde
1952 803 2271 870 deductae
2317 817 2462 869 sunt

361 922 436 987 iis
489 922 916 1008 imponantur,
975 921 1119 1008 jure
1175 921 1487 999 fruantur,
1559 920 1642 985 de
1698 920 1795 985 his
1839 918 2251 1007 vectigalibus
2313 940 2458 985 cum

362 1034 869 1102 moderatoribus
914 1034 1174 1122 Angliae
1221 1035 1528 1101 tractandi
1585 1046 1649 1101 et
1696 1033 2095 1121 disponendi.
2186 1034 2258 1101 Id
2303 1055 2463 1099 non-

364 1150 515 1216 dum
563 1150 717 1217 vidit
762 1151 958 1227 BacO,
1018 1159 1081 1215 et
1126 1151 1224 1216 vix
1268 1149 1392 1215 hoc
1438 1159 1734 1238 reputare
1780 1158 2055 1236 poterat,
2103 1169 2250 1216 cum
2295 1150 2465 1214 initia

364 1275 602 1330 tantum
654 1263 1048 1330 coloniarum
1104 1264 1368 1333 videret.
1483 1264 1617 1331 Sed
1677 1285 1822 1331 cum
1880 1263 2050 1329 illam
2107 1263 2466 1329 libertatem

362 1379 622 1446 coloniis
669 1380 799 1447 suis
845 1400 973 1445 non
1019 1378 1451 1446 concederent
1480 1379 1675 1467 Angli,
1722 1378 2116 1444 atrocissima
2155 1376 2325 1443 bella
2356 1399 2467 1443 ex.

360 1505 497 1562 orta
543 1505 714 1574 sunt,
769 1514 937 1582 quae
982 1494 1168 1561 valde
1215 1506 1450 1561 terram
1498 1492 1767 1582 patriam
1814 1492 2187 1560 afflixerunt.
2239 1492 2470 1579 ·Quod

360 1622 585 1699 postea
641 1610 820 1699 Angli
878 1610 1139 1675 coloniis
1196 1612 1326 1676 suis
1386 1612 1852 1697 imposuerunt,
1909 1606 2082 1673 unde
2142 1606 2265 1671 alia
2317 1606 2471 1673 belli

360 1746 557 1793 causa
602 1736 821 1792 exorta
867 1736 983 1806 est,
1028 1724 1340 1805 nimirum,
1386 1736 1455 1789 ut
1502 1742 1754 1789 merces
1786 1724 2059 1810 primum
2091 1721 2472 1810 inAngliam

360 1841 762 1905 mitterentur
814 1847 880 1901 et
922 1834 1072 1899 inde
1121 1844 1609 1919 exportarentur
1657 1846 1722 1899 et
1766 1838 2052 1916 omninO,
2107 1846 2176 1901 ut
2222 1857 2259 1899 a
2302 1847 2474 1902 terra

362 1952 571 2040 patria
629 1948 1149 2022 constitueretur,
1204 1946 1315 2011 ubi
1362 1965 1615 2010 merces
1662 1946 2052 2012 coloniarum
2096 1946 2475 2014 vendendae

367 2067 520 2141 sint;
576 2061 641 2128 id
686 2064 855 2127 Baco
900 2082 1026 2128 non
1073 2061 1395 2148 imposuit,
1444 2081 1586 2126 cum
1637 2060 1915 2128 colonias
1963 2062 2132 2150 ipsas
2179 2083 2476 2130 crescere

369 2177 577 2256 vellet,
625 2196 901 2265 eamque
949 2175 1033 2241 ob
1078 2196 1215 2241 rem
1264 2174 1545 2239 omnium
1592 2175 1815 2240 harum
1863 2196 2078 2243 rerum
2121 2176 2476 2245 libertatem

370 2293 445 2357 iis
493 2292 824 2357 concessit.
2207 2301 2211 2306 ·

626 2595 771 2658 VIII.
860 2594 966 2657 DE
1012 2593 1213 2657 AULA
1258 2595 1348 2658 ET
1394 2593 1776 2662 COMlTATU
1821 2597 2222 2663 PRINCIPIS.

412 2759 515 2841 ¹¹⁹)
562 2752 721 2831 „The
766 2751 918 2839 king
963 2752 1025 2817 in
1070 2751 1168 2817 his
1214 2773 1358 2818 own
1406 2775 1658 2839 person,
1703 2753 1858 2819 both
1905 2756 1968 2821 in
2001 2768 2257 2843 respect
2286 2759 2358 2822 of
2381 2758 2478 2823 his

457 2865 777 2933 houshold
822 2886 897 2930 or
942 2875 1151 2943 court,
1208 2865 1335 2930 and
1381 2867 1444 2930 in
1490 2879 1749 2953 respect
1795 2869 1864 2932 of
1901 2869 1998 2932 his
2045 2869 2253 2933 whole
2297 2869 2481 2957 king-

461 2978 641 3056 dom,
688 2979 785 3044 for
830 2997 870 3042 a
913 2978 1070 3043 little
1114 2976 1416 3065 kingdom
1464 2980 1518 3044 is
1564 2979 1677 3044 but
1722 3002 1793 3046 as
1840 3002 1877 3045 a
1922 2992 2103 3068 great
2146 2981 2478 3060 houshold,

460 3090 588 3158 and
645 3112 684 3157 a
737 3103 917 3180 great
972 3091 1288 3159 houshold
1344 3115 1415 3159 as
1472 3115 1511 3158 a
1568 3094 1723 3159 little
1779 3094 2112 3182 kingdom,
2170 3106 2337 3161 must
2393 3094 2478 3162 be

462 3206 858 3297 exemplary,·
917 3219 1199 3296 greatest
1255 3229 1405 3276 care
1463 3222 1632 3276 must
1689 3209 1801 3287 be,
1872 3264 1883 3275 .
1954 3265 1963 3274 .
2026 3264 2038 3277 .
2100 3265 2114 3277 .
2175 3211 2309 3278 that
2366 3213 2476 3280 the

462 3331 644 3410 great
697 3339 847 3386 man
906 3323 976 3388 of
1025 3323 1122 3390 his
1179 3338 1385 3403 court,
1444 3327 1588 3392 who
1642 3346 1751 3390 are
1799 3325 1936 3391 first
1977 3325 2043 3392 in
2090 3328 2195 3394 the
2244 3350 2369 3419 eye
2417 3331 2488 3395 os

462 3435 545 3501 all
604 3456 781 3513 men,
838 3436 978 3524 give
1047 3459 1129 3504 no
1189 3441 1323 3526 just
1376 3461 1570 3506 cause
1641 3442 1712 3504 of
1760 3440 2051 3520 scandal;
2119 3440 2323 3506 either
2391 3441 2482 3531 by

465 3552 646 3641 light,
693 3571 768 3618 or
809 3552 979 3631 vain,
1025 3572 1098 3618 or
1146 3553 1233 3644 by
1280 3556 1653 3642 oppressive
1701 3555 2037 3641 carriage.“

424 3671 523 3758 12⁰)
571 3667 730 3748 „The
777 3679 956 3755 great
1002 3667 1255 3736 Officers
1302 3669 1373 3735 of
1407 3669 1516 3735 the
1562 3669 1746 3758 kings
1790 3668 2105 3735 houshold
2140 3669 2267 3736 had
2299 3671 2485 3749 need,

468 3780 553 3848 be
612 3782 766 3850 both
827 3782 1104 3849 discreet
1159 3787 1283 3849 and
1345 3783 1682 3870 provident
1738 3806 2031 3873 persons;
2089 3796 2200 3876 yet
2255 3786 2318 3853 in
2377 3787 2482 3857 the

472 3897 692 3965 choice
741 3897 811 3964 of
849 3899 1037 3977 them,
1085 3898 1263 3966 there
1316 3901 1364 3964 is
1411 3920 1590 3966 more
1638 3900 1897 3966 latitude
1942 3900 2051 3966 left
2083 3912 2144 3966 to
2176 3899 2485 3979 affection,

526 4174 648 4240 119)
686 4174 894 4231 Advice
934 4177 1062 4234 VIII.
1101 4193 1157 4246 p.
1198 4181 1316 4234 462.
1359 4185 1403 4234 l.

524 4263 650 4326 120)
686 4261 821 4316 Eod.
860 4264 986 4317 loco
1025 4264 1153 4320 VIII.
1191 4268 1243 4322 3.
