<?xml version="1.0" encoding="UTF-8"?>
<!DOCTYPE html PUBLIC "-//W3C//DTD XHTML 1.0 Transitional//EN"
    "http://www.w3.org/TR/xhtml1/DTD/xhtml1-transitional.dtd">
<html xmlns="http://www.w3.org/1999/xhtml" xml:lang="en" lang="en">
 <head>
  <title>
</title>
<meta http-equiv="Content-Type" content="text/html;charset=utf-8" />
  <meta name='ocr-system' content='tesseract 3.04.00' />
  <meta name='ocr-capabilities' content='ocr_page ocr_carea ocr_par ocr_line ocrx_word'/>
</head>
<body>
  <div class='ocr_page' id='page_1' title='image "./defranciscibaco00friegoog_0086.png"; bbox 0 0 2998 4863; ppageno 0'>
   <div class='ocr_carea' id='block_1_1' title="bbox 1247 378 1674 444">
    <p class='ocr_par' dir='ltr' id='par_1_1' title="bbox 1247 378 1674 444">
     <span class='ocr_line' id='line_1_1' title="bbox 1247 378 1674 444; baseline 0.002 -16"><span class='ocrx_word' id='word_1_1' title='bbox 1247 378 1674 444; x_wconf 68' lang='lat' dir='ltr'><strong>...7ss-</strong></span> 
     </span>
    </p>
   </div>
   <div class='ocr_carea' id='block_1_2' title="bbox 395 551 2519 3512">
    <p class='ocr_par' dir='ltr' id='par_1_2' title="bbox 419 551 2519 987">
     <span class='ocr_line' id='line_1_2' title="bbox 419 551 2513 643; baseline -0.001 -22"><span class='ocrx_word' id='word_1_2' title='bbox 419 571 528 622; x_wconf 84' lang='lat' dir='ltr'><strong>sus</strong></span> <span class='ocrx_word' id='word_1_3' title='bbox 587 556 805 643; x_wconf 89' lang='lat' dir='ltr'><strong>impar.</strong></span> <span class='ocrx_word' id='word_1_4' title='bbox 897 552 1107 619; x_wconf 89' lang='lat' dir='ltr'><strong>Primo</strong></span> <span class='ocrx_word' id='word_1_5' title='bbox 1164 553 1349 641; x_wconf 78' lang='lat' dir='ltr'><strong>igitur</strong></span> <span class='ocrx_word' id='word_1_6' title='bbox 1405 573 1523 640; x_wconf 89' lang='lat' dir='ltr'><strong>pro</strong></span> <span class='ocrx_word' id='word_1_7' title='bbox 1581 572 1654 617; x_wconf 90' lang='lat' dir='ltr'><strong>re</strong></span> <span class='ocrx_word' id='word_1_8' title='bbox 1701 551 2055 618; x_wconf 86' lang='lat' dir='ltr'><strong>certissima</strong></span> <span class='ocrx_word' id='word_1_9' title='bbox 2116 560 2180 616; x_wconf 92' lang='lat' dir='ltr'><strong>et</strong></span> <span class='ocrx_word' id='word_1_10' title='bbox 2225 551 2513 638; x_wconf 78' lang='lat' dir='ltr'><strong>explora-</strong></span> 
     </span>
     <span class='ocr_line' id='line_1_3' title="bbox 419 666 2516 755; baseline -0.001 -21"><span class='ocrx_word' id='word_1_11' title='bbox 419 672 658 736; x_wconf 85' lang='lat' dir='ltr'><strong>tissima</strong></span> <span class='ocrx_word' id='word_1_12' title='bbox 704 668 1086 736; x_wconf 79' lang='lat' dir='ltr'>decernatur</span> <span class='ocrx_word' id='word_1_13' title='bbox 1132 678 1196 734; x_wconf 93' lang='lat' dir='ltr'><strong>et</strong></span> <span class='ocrx_word' id='word_1_14' title='bbox 1235 677 1570 733; x_wconf 80' lang='lat' dir='ltr'><strong>statuatur:</strong></span> <span class='ocrx_word' id='word_1_15' title='bbox 1621 666 1795 755; x_wconf 92' lang='lat' dir='ltr'><strong>quod</strong></span> <span class='ocrx_word' id='word_1_16' title='bbox 1840 677 2029 754; x_wconf 87' lang='lat' dir='ltr'><strong>caput</strong></span> <span class='ocrx_word' id='word_1_17' title='bbox 2069 667 2516 753; x_wconf 88' lang='lat' dir='ltr'><strong>omniumquae</strong></span> 
     </span>
     <span class='ocr_line' id='line_1_4' title="bbox 419 782 2519 872; baseline -0.005 -22"><span class='ocrx_word' id='word_1_18' title='bbox 419 785 502 850; x_wconf 88' lang='lat' dir='ltr'><strong>ad</strong></span> <span class='ocrx_word' id='word_1_19' title='bbox 547 784 1043 872; x_wconf 82' lang='lat' dir='ltr'><strong>magnitudinem</strong></span> <span class='ocrx_word' id='word_1_20' title='bbox 1088 783 1268 870; x_wconf 78' lang='lat' dir='ltr'><strong>regni</strong></span> <span class='ocrx_word' id='word_1_21' title='bbox 1315 792 1420 845; x_wconf 89' lang='lat' dir='ltr'><strong>aut</strong></span> <span class='ocrx_word' id='word_1_22' title='bbox 1466 791 1666 846; x_wconf 87' lang='lat' dir='ltr'><strong>status</strong></span> <span class='ocrx_word' id='word_1_23' title='bbox 1705 792 2015 869; x_wconf 82' lang='lat' dir='ltr'><strong>spectent,</strong></span> <span class='ocrx_word' id='word_1_24' title='bbox 2060 782 2154 860; x_wconf 88' lang='lat' dir='ltr'><strong>sit,</strong></span> <span class='ocrx_word' id='word_1_25' title='bbox 2203 791 2267 846; x_wconf 89' lang='lat' dir='ltr'><strong>ut</strong></span> <span class='ocrx_word' id='word_1_26' title='bbox 2311 802 2519 869; x_wconf 86' lang='lat' dir='ltr'><strong>popu-</strong></span> 
     </span>
     <span class='ocr_line' id='line_1_5' title="bbox 419 894 1913 987; baseline -0.001 -22"><span class='ocrx_word' id='word_1_27' title='bbox 419 900 516 966; x_wconf 90' lang='lat' dir='ltr'><strong>lus</strong></span> <span class='ocrx_word' id='word_1_28' title='bbox 562 901 699 987; x_wconf 91' lang='lat' dir='ltr'><strong>ipse</strong></span> <span class='ocrx_word' id='word_1_29' title='bbox 747 900 825 966; x_wconf 89' lang='lat' dir='ltr'><strong>sit</strong></span> <span class='ocrx_word' id='word_1_30' title='bbox 870 901 1064 985; x_wconf 83' lang='lat' dir='ltr'><strong>stirpe</strong></span> <span class='ocrx_word' id='word_1_31' title='bbox 1112 908 1176 964; x_wconf 91' lang='lat' dir='ltr'><strong>et</strong></span> <span class='ocrx_word' id='word_1_32' title='bbox 1220 896 1471 984; x_wconf 83' lang='lat' dir='ltr'><strong>ingenio</strong></span> <span class='ocrx_word' id='word_1_33' title='bbox 1520 894 1913 964; x_wconf 84' lang='lat' dir='ltr'><strong>bellicosuS.“</strong></span> 
     </span>
    </p>

    <p class='ocr_par' dir='ltr' id='par_1_3' title="bbox 401 1009 2519 3053">
     <span class='ocr_line' id='line_1_6' title="bbox 592 1009 2519 1098; baseline -0.003 -18"><span class='ocrx_word' id='word_1_34' title='bbox 592 1017 804 1094; x_wconf 84' lang='lat' dir='ltr'><strong>Quare</strong></span> <span class='ocrx_word' id='word_1_35' title='bbox 849 1015 1017 1080; x_wconf 92' lang='lat' dir='ltr'><strong>Baco</strong></span> <span class='ocrx_word' id='word_1_36' title='bbox 1076 1013 1265 1079; x_wconf 89' lang='lat' dir='ltr'><strong>etiam</strong></span> <span class='ocrx_word' id='word_1_37' title='bbox 1321 1013 1385 1076; x_wconf 93' lang='lat' dir='ltr'><strong>in</strong></span> <span class='ocrx_word' id='word_1_38' title='bbox 1443 1012 1899 1078; x_wconf 88' lang='lat' dir='ltr'><strong>commentario</strong></span> <span class='ocrx_word' id='word_1_39' title='bbox 1952 1009 2034 1076; x_wconf 91' lang='lat' dir='ltr'><strong>de</strong></span> <span class='ocrx_word' id='word_1_40' title='bbox 2080 1028 2231 1076; x_wconf 86' lang='lat' dir='ltr'><strong>vera</strong></span> <span class='ocrx_word' id='word_1_41' title='bbox 2276 1011 2519 1098; x_wconf 80' lang='lat' dir='ltr'><strong>magni-</strong></span> 
     </span>
     <span class='ocr_line' id='line_1_7' title="bbox 418 1124 2518 1217; baseline -0.002 -24"><span class='ocrx_word' id='word_1_42' title='bbox 418 1128 634 1194; x_wconf 88' lang='lat' dir='ltr'><strong>tudine</strong></span> <span class='ocrx_word' id='word_1_43' title='bbox 681 1130 860 1217; x_wconf 83' lang='lat' dir='ltr'><strong>regni</strong></span> <span class='ocrx_word' id='word_1_44' title='bbox 904 1128 1257 1193; x_wconf 82' lang='lat' dir='ltr'><strong>Britanniae</strong></span> <span class='ocrx_word' id='word_1_45' title='bbox 1288 1131 1410 1215; x_wconf 83' lang='lat'>¹²⁵)</span> <span class='ocrx_word' id='word_1_46' title='bbox 1456 1127 1618 1192; x_wconf 90' lang='lat' dir='ltr'><strong>inter</strong></span> <span class='ocrx_word' id='word_1_47' title='bbox 1676 1148 1778 1206; x_wconf 91' lang='lat' dir='ltr'><strong>ea,</strong></span> <span class='ocrx_word' id='word_1_48' title='bbox 1849 1146 2018 1214; x_wconf 91' lang='lat' dir='ltr'><strong>quae</strong></span> <span class='ocrx_word' id='word_1_49' title='bbox 2074 1124 2345 1190; x_wconf 85' lang='lat' dir='ltr'><strong>maxime</strong></span> <span class='ocrx_word' id='word_1_50' title='bbox 2391 1125 2518 1190; x_wconf 79' lang='lat' dir='ltr'><strong>rei-</strong></span> 
     </span>
     <span class='ocr_line' id='line_1_8' title="bbox 414 1240 2519 1332; baseline -0.002 -24"><span class='ocrx_word' id='word_1_51' title='bbox 414 1243 710 1331; x_wconf 88' lang='lat' dir='ltr'><strong>publicae</strong></span> <span class='ocrx_word' id='word_1_52' title='bbox 759 1242 1131 1332; x_wconf 87' lang='lat' dir='ltr'><strong>quaerenda</strong></span> <span class='ocrx_word' id='word_1_53' title='bbox 1175 1242 1322 1320; x_wconf 86' lang='lat' dir='ltr'><strong>sint,</strong></span> <span class='ocrx_word' id='word_1_54' title='bbox 1377 1243 1600 1320; x_wconf 84' lang='lat' dir='ltr'><strong>refert,</strong></span> <span class='ocrx_word' id='word_1_55' title='bbox 1655 1252 1723 1307; x_wconf 88' lang='lat' dir='ltr'><strong>ut</strong></span> <span class='ocrx_word' id='word_1_56' title='bbox 1769 1243 1832 1308; x_wconf 90' lang='lat' dir='ltr'><strong>in</strong></span> <span class='ocrx_word' id='word_1_57' title='bbox 1876 1240 2069 1306; x_wconf 90' lang='lat' dir='ltr'><strong>armis</strong></span> <span class='ocrx_word' id='word_1_58' title='bbox 2116 1250 2519 1305; x_wconf 86' lang='lat' dir='ltr'><strong>assuesceret</strong></span> 
     </span>
     <span class='ocr_line' id='line_1_9' title="bbox 411 1357 2514 1447; baseline -0.002 -23"><span class='ocrx_word' id='word_1_59' title='bbox 411 1359 686 1447; x_wconf 89' lang='lat' dir='ltr'><strong>populus</strong></span> <span class='ocrx_word' id='word_1_60' title='bbox 733 1370 798 1425; x_wconf 89' lang='lat' dir='ltr'><strong>et</strong></span> <span class='ocrx_word' id='word_1_61' title='bbox 841 1358 1147 1424; x_wconf 89' lang='lat' dir='ltr'><strong>bellicosa</strong></span> <span class='ocrx_word' id='word_1_62' title='bbox 1194 1358 1332 1444; x_wconf 89' lang='lat' dir='ltr'><strong>ejus</strong></span> <span class='ocrx_word' id='word_1_63' title='bbox 1376 1367 1603 1423; x_wconf 86' lang='lat' dir='ltr'><strong>natura</strong></span> <span class='ocrx_word' id='word_1_64' title='bbox 1647 1357 2045 1435; x_wconf 85' lang='lat' dir='ltr'><strong>excitaretur,</strong></span> <span class='ocrx_word' id='word_1_65' title='bbox 2089 1365 2159 1420; x_wconf 92' lang='lat' dir='ltr'><strong>ut</strong></span> <span class='ocrx_word' id='word_1_66' title='bbox 2197 1373 2323 1419; x_wconf 90' lang='lat' dir='ltr'><strong>non</strong></span> <span class='ocrx_word' id='word_1_67' title='bbox 2352 1374 2514 1419; x_wconf 92' lang='lat' dir='ltr'><strong>unus</strong></span> 
     </span>
     <span class='ocr_line' id='line_1_10' title="bbox 412 1467 2516 1558; baseline -0.001 -21"><span class='ocrx_word' id='word_1_68' title='bbox 412 1471 596 1558; x_wconf 86' lang='lat' dir='ltr'><strong>ordo,</strong></span> <span class='ocrx_word' id='word_1_69' title='bbox 640 1472 759 1538; x_wconf 90' lang='lat' dir='ltr'><strong>sed</strong></span> <span class='ocrx_word' id='word_1_70' title='bbox 807 1494 1030 1539; x_wconf 89' lang='lat' dir='ltr'><strong>omnes</strong></span> <span class='ocrx_word' id='word_1_71' title='bbox 1077 1471 1334 1538; x_wconf 90' lang='lat' dir='ltr'><strong>ordines</strong></span> <span class='ocrx_word' id='word_1_72' title='bbox 1380 1469 1552 1536; x_wconf 91' lang='lat' dir='ltr'><strong>bello</strong></span> <span class='ocrx_word' id='word_1_73' title='bbox 1583 1469 1868 1558; x_wconf 84' lang='lat' dir='ltr'><strong>gerendo</strong></span> <span class='ocrx_word' id='word_1_74' title='bbox 1898 1471 2025 1558; x_wconf 90' lang='lat' dir='ltr'><strong>apti</strong></span> <span class='ocrx_word' id='word_1_75' title='bbox 2067 1467 2310 1534; x_wconf 88' lang='lat' dir='ltr'><strong>fierent.</strong></span> <span class='ocrx_word' id='word_1_76' title='bbox 2382 1468 2516 1535; x_wconf 89' lang='lat' dir='ltr'><strong>Sed</strong></span> 
     </span>
     <span class='ocr_line' id='line_1_11' title="bbox 412 1583 2515 1672; baseline -0.001 -21"><span class='ocrx_word' id='word_1_77' title='bbox 412 1588 476 1653; x_wconf 89' lang='lat' dir='ltr'><strong>in</strong></span> <span class='ocrx_word' id='word_1_78' title='bbox 533 1586 765 1653; x_wconf 91' lang='lat' dir='ltr'><strong>eodem</strong></span> <span class='ocrx_word' id='word_1_79' title='bbox 824 1586 1307 1664; x_wconf 88' lang='lat' dir='ltr'><strong>commentario,</strong></span> <span class='ocrx_word' id='word_1_80' title='bbox 1377 1595 1444 1649; x_wconf 89' lang='lat' dir='ltr'><strong>ut</strong></span> <span class='ocrx_word' id='word_1_81' title='bbox 1501 1585 1745 1650; x_wconf 87' lang='lat' dir='ltr'><strong>animus</strong></span> <span class='ocrx_word' id='word_1_82' title='bbox 1799 1583 2018 1671; x_wconf 92' lang='lat' dir='ltr'><strong>populi</strong></span> <span class='ocrx_word' id='word_1_83' title='bbox 2072 1587 2401 1672; x_wconf 83' lang='lat' dir='ltr'><strong>promptus</strong></span> <span class='ocrx_word' id='word_1_84' title='bbox 2447 1595 2515 1651; x_wconf 89' lang='lat' dir='ltr'><strong>et</strong></span> 
     </span>
     <span class='ocr_line' id='line_1_12' title="bbox 411 1697 2516 1788; baseline -0 -23"><span class='ocrx_word' id='word_1_85' title='bbox 411 1701 627 1766; x_wconf 88' lang='lat' dir='ltr'><strong>alacer</strong></span> <span class='ocrx_word' id='word_1_86' title='bbox 681 1702 761 1766; x_wconf 90' lang='lat' dir='ltr'><strong>sit</strong></span> <span class='ocrx_word' id='word_1_87' title='bbox 816 1701 900 1766; x_wconf 92' lang='lat' dir='ltr'><strong>ad</strong></span> <span class='ocrx_word' id='word_1_88' title='bbox 956 1700 1128 1768; x_wconf 87' lang='lat' dir='ltr'><strong>bella</strong></span> <span class='ocrx_word' id='word_1_89' title='bbox 1183 1698 1468 1788; x_wconf 81' lang='lat' dir='ltr'><strong>gerenda</strong></span> <span class='ocrx_word' id='word_1_90' title='bbox 1516 1710 1579 1765; x_wconf 90' lang='lat' dir='ltr'><strong>et</strong></span> <span class='ocrx_word' id='word_1_91' title='bbox 1636 1698 1905 1766; x_wconf 87' lang='lat' dir='ltr'><strong>ducibus</strong></span> <span class='ocrx_word' id='word_1_92' title='bbox 1962 1697 2234 1765; x_wconf 89' lang='lat' dir='ltr'><strong>libenter</strong></span> <span class='ocrx_word' id='word_1_93' title='bbox 2278 1713 2516 1787; x_wconf 90' lang='lat' dir='ltr'><strong>pareat,</strong></span> 
     </span>
     <span class='ocr_line' id='line_1_13' title="bbox 409 1812 2512 1905; baseline 0.001 -26"><span class='ocrx_word' id='word_1_94' title='bbox 409 1812 802 1903; x_wconf 86' lang='lat' dir='ltr'><strong>principibus</strong></span> <span class='ocrx_word' id='word_1_95' title='bbox 869 1818 1046 1905; x_wconf 85' lang='lat' dir='ltr'><strong>regni</strong></span> <span class='ocrx_word' id='word_1_96' title='bbox 1114 1816 1346 1882; x_wconf 87' lang='lat' dir='ltr'><strong>suadet</strong></span> <span class='ocrx_word' id='word_1_97' title='bbox 1375 1819 1546 1902; x_wconf 80' lang='lat'><strong>¹²⁶),</strong></span> <span class='ocrx_word' id='word_1_98' title='bbox 1618 1825 1687 1878; x_wconf 91' lang='lat' dir='ltr'><strong>ut</strong></span> <span class='ocrx_word' id='word_1_99' title='bbox 1755 1815 1819 1879; x_wconf 90' lang='lat' dir='ltr'><strong>in</strong></span> <span class='ocrx_word' id='word_1_100' title='bbox 1885 1812 2087 1881; x_wconf 86' lang='lat' dir='ltr'><strong>libera</strong></span> <span class='ocrx_word' id='word_1_101' title='bbox 2155 1813 2512 1881; x_wconf 85' lang='lat' dir='ltr'><strong>conditione</strong></span> 
     </span>
     <span class='ocr_line' id='line_1_14' title="bbox 413 1929 2511 2018; baseline 0 -22"><span class='ocrx_word' id='word_1_102' title='bbox 413 1930 583 1997; x_wconf 89' lang='lat' dir='ltr'><strong>cives</strong></span> <span class='ocrx_word' id='word_1_103' title='bbox 629 1929 928 1999; x_wconf 85' lang='lat' dir='ltr'><strong>habeant.</strong></span> <span class='ocrx_word' id='word_1_104' title='bbox 1019 1930 1088 1996; x_wconf 95' lang='lat' dir='ltr'><strong>Id</strong></span> <span class='ocrx_word' id='word_1_105' title='bbox 1138 1932 1329 1996; x_wconf 85' lang='lat' dir='ltr'><strong>etiam</strong></span> <span class='ocrx_word' id='word_1_106' title='bbox 1374 1931 1437 1995; x_wconf 91' lang='lat' dir='ltr'><strong>in</strong></span> <span class='ocrx_word' id='word_1_107' title='bbox 1483 1930 1608 1995; x_wconf 92' lang='lat' dir='ltr'><strong>hoc</strong></span> <span class='ocrx_word' id='word_1_108' title='bbox 1652 1938 1948 2011; x_wconf 88' lang='lat' dir='ltr'><strong>tractatu,</strong></span> <span class='ocrx_word' id='word_1_109' title='bbox 2016 1951 2212 2018; x_wconf 90' lang='lat' dir='ltr'><strong>quem</strong></span> <span class='ocrx_word' id='word_1_110' title='bbox 2258 1929 2360 1997; x_wconf 89' lang='lat' dir='ltr'><strong>bic</strong></span> <span class='ocrx_word' id='word_1_111' title='bbox 2405 1951 2511 1996; x_wconf 90' lang='lat' dir='ltr'><strong>se-</strong></span> 
     </span>
     <span class='ocr_line' id='line_1_15' title="bbox 413 2028 2512 2134; baseline -0 -24"><span class='ocrx_word' id='word_1_112' title='bbox 413 2028 691 2133; x_wconf 83' lang='lat' dir='ltr'><strong>quimur,</strong></span> <span class='ocrx_word' id='word_1_113' title='bbox 761 2046 1033 2133; x_wconf 84' lang='lat' dir='ltr'><strong>exponit.</strong></span> <span class='ocrx_word' id='word_1_114' title='bbox 1125 2046 1383 2134; x_wconf 80' lang='lat' dir='ltr'><strong>„Neque</strong></span> <span class='ocrx_word' id='word_1_115' title='bbox 1439 2064 1725 2132; x_wconf 87' lang='lat' dir='ltr'><strong>unquam</strong></span> <span class='ocrx_word' id='word_1_116' title='bbox 1767 2041 1906 2123; x_wconf 91' lang='lat' dir='ltr'><strong>fiet,</strong></span> <span class='ocrx_word' id='word_1_117' title='bbox 1973 2054 2042 2109; x_wconf 92' lang='lat' dir='ltr'><strong>ut</strong></span> <span class='ocrx_word' id='word_1_118' title='bbox 2084 2045 2357 2132; x_wconf 91' lang='lat' dir='ltr'><strong>populus</strong></span> <span class='ocrx_word' id='word_1_119' title='bbox 2402 2047 2512 2110; x_wconf 85' lang='lat' dir='ltr'><strong>tri-</strong></span> 
     </span>
     <span class='ocr_line' id='line_1_16' title="bbox 407 2156 2513 2248; baseline 0 -24"><span class='ocrx_word' id='word_1_120' title='bbox 407 2158 575 2225; x_wconf 86' lang='lat' dir='ltr'><strong>butis</strong></span> <span class='ocrx_word' id='word_1_121' title='bbox 631 2181 982 2248; x_wconf 90' lang='lat' dir='ltr'><strong>oppressus</strong></span> <span class='ocrx_word' id='word_1_122' title='bbox 1038 2160 1211 2225; x_wconf 83' lang='lat' dir='ltr'><strong>sortis</strong></span> <span class='ocrx_word' id='word_1_123' title='bbox 1269 2160 1493 2226; x_wconf 85' lang='lat' dir='ltr'><strong>existat</strong></span> <span class='ocrx_word' id='word_1_124' title='bbox 1554 2170 1618 2226; x_wconf 91' lang='lat' dir='ltr'><strong>et</strong></span> <span class='ocrx_word' id='word_1_125' title='bbox 1675 2156 2035 2228; x_wconf 80' lang='lat' dir='ltr'><strong>bellicosus,</strong></span> <span class='ocrx_word' id='word_1_126' title='bbox 2125 2160 2356 2226; x_wconf 90' lang='lat' dir='ltr'><strong>Verum</strong></span> <span class='ocrx_word' id='word_1_127' title='bbox 2415 2170 2513 2225; x_wconf 86' lang='lat' dir='ltr'><strong>est</strong></span> 
     </span>
     <span class='ocr_line' id='line_1_17' title="bbox 411 2272 2509 2363; baseline 0 -23"><span class='ocrx_word' id='word_1_128' title='bbox 411 2275 780 2341; x_wconf 89' lang='lat' dir='ltr'><strong>collationes</strong></span> <span class='ocrx_word' id='word_1_129' title='bbox 827 2273 1083 2363; x_wconf 91' lang='lat' dir='ltr'><strong>publico</strong></span> <span class='ocrx_word' id='word_1_130' title='bbox 1132 2295 1449 2342; x_wconf 88' lang='lat' dir='ltr'><strong>consensu</strong></span> <span class='ocrx_word' id='word_1_131' title='bbox 1496 2276 1722 2352; x_wconf 86' lang='lat' dir='ltr'><strong>factas,</strong></span> <span class='ocrx_word' id='word_1_132' title='bbox 1791 2274 1998 2339; x_wconf 89' lang='lat' dir='ltr'><strong>minus</strong></span> <span class='ocrx_word' id='word_1_133' title='bbox 2056 2275 2299 2340; x_wconf 85' lang='lat' dir='ltr'><strong>animos</strong></span> <span class='ocrx_word' id='word_1_134' title='bbox 2356 2272 2509 2340; x_wconf 86' lang='lat' dir='ltr'><strong>sub-</strong></span> 
     </span>
     <span class='ocr_line' id='line_1_18' title="bbox 411 2388 2507 2479; baseline 0 -25"><span class='ocrx_word' id='word_1_135' title='bbox 411 2388 687 2455; x_wconf 89' lang='lat' dir='ltr'><strong>ditorum</strong></span> <span class='ocrx_word' id='word_1_136' title='bbox 737 2389 1018 2478; x_wconf 89' lang='lat' dir='ltr'><strong>dejicere</strong></span> <span class='ocrx_word' id='word_1_137' title='bbox 1078 2401 1142 2458; x_wconf 92' lang='lat' dir='ltr'><strong>et</strong></span> <span class='ocrx_word' id='word_1_138' title='bbox 1189 2390 1582 2479; x_wconf 84' lang='lat' dir='ltr'><strong>deprimere,</strong></span> <span class='ocrx_word' id='word_1_139' title='bbox 1652 2408 1845 2477; x_wconf 88' lang='lat' dir='ltr'><strong>quam</strong></span> <span class='ocrx_word' id='word_1_140' title='bbox 1904 2408 2071 2478; x_wconf 91' lang='lat' dir='ltr'><strong>quae</strong></span> <span class='ocrx_word' id='word_1_141' title='bbox 2118 2409 2198 2455; x_wconf 81' lang='lat' dir='ltr'><strong>ex</strong></span> <span class='ocrx_word' id='word_1_142' title='bbox 2242 2388 2507 2477; x_wconf 89' lang='lat' dir='ltr'><strong>imperio</strong></span> 
     </span>
     <span class='ocr_line' id='line_1_19' title="bbox 406 2504 2514 2593; baseline 0.001 -25"><span class='ocrx_word' id='word_1_143' title='bbox 406 2525 591 2570; x_wconf 88' lang='lat' dir='ltr'><strong>mero</strong></span> <span class='ocrx_word' id='word_1_144' title='bbox 643 2504 1053 2576; x_wconf 87' lang='lat' dir='ltr'><strong>indicuntur.“</strong></span> <span class='ocrx_word' id='word_1_145' title='bbox 1098 2546 1183 2557; x_wconf 93' lang='lat'><strong>--</strong></span> <span class='ocrx_word' id='word_1_146' title='bbox 1231 2505 1561 2585; x_wconf 89' lang='lat' dir='ltr'><strong>„Subsidia</strong></span> <span class='ocrx_word' id='word_1_147' title='bbox 1619 2524 1806 2593; x_wconf 84' lang='lat' dir='ltr'><strong>quae</strong></span> <span class='ocrx_word' id='word_1_148' title='bbox 1844 2525 1925 2570; x_wconf 85' lang='lat' dir='ltr'><strong>ex</strong></span> <span class='ocrx_word' id='word_1_149' title='bbox 1982 2524 2294 2571; x_wconf 86' lang='lat' dir='ltr'><strong>consensu</strong></span> <span class='ocrx_word' id='word_1_150' title='bbox 2353 2525 2514 2572; x_wconf 36' lang='lat' dir='ltr'><strong>con-f</strong></span> 
     </span>
     <span class='ocr_line' id='line_1_20' title="bbox 407 2618 2507 2710; baseline 0.001 -27"><span class='ocrx_word' id='word_1_151' title='bbox 407 2619 691 2686; x_wconf 84' lang='lat' dir='ltr'><strong>seruntur</strong></span> <span class='ocrx_word' id='word_1_152' title='bbox 737 2631 800 2687; x_wconf 90' lang='lat' dir='ltr'><strong>et</strong></span> <span class='ocrx_word' id='word_1_153' title='bbox 847 2641 1015 2710; x_wconf 88' lang='lat' dir='ltr'><strong>quae</strong></span> <span class='ocrx_word' id='word_1_154' title='bbox 1062 2642 1141 2687; x_wconf 88' lang='lat' dir='ltr'><strong>ex</strong></span> <span class='ocrx_word' id='word_1_155' title='bbox 1184 2620 1452 2707; x_wconf 90' lang='lat' dir='ltr'><strong>imperio</strong></span> <span class='ocrx_word' id='word_1_156' title='bbox 1483 2619 1903 2706; x_wconf 86' lang='lat' dir='ltr'><strong>imponuntur,</strong></span> <span class='ocrx_word' id='word_1_157' title='bbox 1950 2620 2068 2685; x_wconf 88' lang='lat' dir='ltr'><strong>etsi</strong></span> <span class='ocrx_word' id='word_1_158' title='bbox 2109 2618 2339 2685; x_wconf 91' lang='lat' dir='ltr'><strong>eadem</strong></span> <span class='ocrx_word' id='word_1_159' title='bbox 2369 2621 2507 2692; x_wconf 84' lang='lat' dir='ltr'><strong>sint.</strong></span> 
     </span>
     <span class='ocr_line' id='line_1_21' title="bbox 407 2732 2506 2823; baseline 0.004 -31"><span class='ocrx_word' id='word_1_160' title='bbox 407 2732 621 2820; x_wconf 86' lang='lat' dir='ltr'><strong>quoad</strong></span> <span class='ocrx_word' id='word_1_161' title='bbox 666 2754 822 2823; x_wconf 89' lang='lat' dir='ltr'><strong>opes</strong></span> <span class='ocrx_word' id='word_1_162' title='bbox 880 2733 1371 2812; x_wconf 82' lang='lat' dir='ltr'><strong>exhauriendaS,</strong></span> <span class='ocrx_word' id='word_1_163' title='bbox 1436 2733 1611 2800; x_wconf 87' lang='lat' dir='ltr'><strong>varie</strong></span> <span class='ocrx_word' id='word_1_164' title='bbox 1680 2744 1893 2800; x_wconf 86' lang='lat' dir='ltr'><strong>tamen</strong></span> <span class='ocrx_word' id='word_1_165' title='bbox 1961 2734 2506 2801; x_wconf 74' lang='lat' dir='ltr'><strong>omnino‘animos</strong></span> 
     </span>
     <span class='ocr_line' id='line_1_22' title="bbox 404 2847 2504 2940; baseline 0.001 -27"><span class='ocrx_word' id='word_1_166' title='bbox 404 2847 806 2916; x_wconf 89' lang='lat' dir='ltr'><strong>subditorum</strong></span> <span class='ocrx_word' id='word_1_167' title='bbox 864 2848 1157 2916; x_wconf 64' lang='lat' dir='ltr'><strong>afficiunt.</strong></span> <span class='ocrx_word' id='word_1_168' title='bbox 1248 2848 1569 2914; x_wconf 87' lang='lat' dir='ltr'><strong>Statuatur</strong></span> <span class='ocrx_word' id='word_1_169' title='bbox 1622 2848 1806 2937; x_wconf 85' lang='lat' dir='ltr'><strong>igitur</strong></span> <span class='ocrx_word' id='word_1_170' title='bbox 1864 2858 1928 2916; x_wconf 89' lang='lat' dir='ltr'><strong>et</strong></span> <span class='ocrx_word' id='word_1_171' title='bbox 1982 2849 2130 2929; x_wconf 92' lang='lat' dir='ltr'><strong>hoc,</strong></span> <span class='ocrx_word' id='word_1_172' title='bbox 2198 2851 2504 2940; x_wconf 91' lang='lat' dir='ltr'><strong>populum</strong></span> 
     </span>
     <span class='ocr_line' id='line_1_23' title="bbox 401 2961 2432 3053; baseline 0.003 -25"><span class='ocrx_word' id='word_1_173' title='bbox 401 2961 647 3031; x_wconf 87' lang='lat' dir='ltr'><strong>tributis</strong></span> <span class='ocrx_word' id='word_1_174' title='bbox 693 2977 1038 3053; x_wconf 81' lang='lat' dir='ltr'><strong>gravatum,</strong></span> <span class='ocrx_word' id='word_1_175' title='bbox 1087 2963 1391 3030; x_wconf 91' lang='lat' dir='ltr'><strong>idoneum</strong></span> <span class='ocrx_word' id='word_1_176' title='bbox 1439 2962 1524 3028; x_wconf 86' lang='lat' dir='ltr'><strong>ad</strong></span> <span class='ocrx_word' id='word_1_177' title='bbox 1568 2962 2016 3050; x_wconf 88' lang='lat' dir='ltr'><strong>imperandum</strong></span> <span class='ocrx_word' id='word_1_178' title='bbox 2057 2985 2185 3031; x_wconf 92' lang='lat' dir='ltr'><strong>non</strong></span> <span class='ocrx_word' id='word_1_179' title='bbox 2231 2980 2432 3035; x_wconf 89' lang='lat' dir='ltr'><strong>esse.“</strong></span> 
     </span>
    </p>

    <p class='ocr_par' dir='ltr' id='par_1_4' title="bbox 395 3077 2502 3512">
     <span class='ocr_line' id='line_1_24' title="bbox 580 3077 2502 3169; baseline 0 -22"><span class='ocrx_word' id='word_1_180' title='bbox 580 3079 1064 3169; x_wconf 85' lang='lat' dir='ltr'><strong>„Aspirantibus</strong></span> <span class='ocrx_word' id='word_1_181' title='bbox 1124 3077 1204 3145; x_wconf 86' lang='lat' dir='ltr'><strong>ad</strong></span> <span class='ocrx_word' id='word_1_182' title='bbox 1278 3077 1775 3167; x_wconf 85' lang='lat' dir='ltr'><strong>magnitudinem</strong></span> <span class='ocrx_word' id='word_1_183' title='bbox 1832 3079 2046 3167; x_wconf 82' lang='lat' dir='ltr'><strong>regnis</strong></span> <span class='ocrx_word' id='word_1_184' title='bbox 2104 3091 2166 3146; x_wconf 92' lang='lat' dir='ltr'><strong>et</strong></span> <span class='ocrx_word' id='word_1_185' title='bbox 2219 3081 2502 3162; x_wconf 80' lang='lat' dir='ltr'><strong>statibuS,</strong></span> 
     </span>
     <span class='ocr_line' id='line_1_25' title="bbox 398 3192 2501 3285; baseline 0.003 -27"><span class='ocrx_word' id='word_1_186' title='bbox 398 3214 661 3279; x_wconf 89' lang='lat' dir='ltr'><strong>prorsus</strong></span> <span class='ocrx_word' id='word_1_187' title='bbox 720 3194 1077 3262; x_wconf 90' lang='lat' dir='ltr'><strong>cavendum</strong></span> <span class='ocrx_word' id='word_1_188' title='bbox 1133 3216 1216 3261; x_wconf 91' lang='lat' dir='ltr'><strong>ne</strong></span> <span class='ocrx_word' id='word_1_189' title='bbox 1276 3192 1525 3259; x_wconf 87' lang='lat' dir='ltr'><strong>nobiles</strong></span> <span class='ocrx_word' id='word_1_190' title='bbox 1586 3202 1649 3258; x_wconf 91' lang='lat' dir='ltr'><strong>et</strong></span> <span class='ocrx_word' id='word_1_191' title='bbox 1714 3194 1982 3280; x_wconf 86' lang='lat' dir='ltr'><strong>patricii,</strong></span> <span class='ocrx_word' id='word_1_192' title='bbox 2049 3205 2243 3285; x_wconf 85' lang='lat' dir='ltr'><strong>atque</strong></span> <span class='ocrx_word' id='word_1_193' title='bbox 2298 3202 2501 3285; x_wconf 91' lang='lat' dir='ltr'><strong>(quos</strong></span> 
     </span>
     <span class='ocr_line' id='line_1_26' title="bbox 398 3307 2499 3399; baseline 0.003 -27"><span class='ocrx_word' id='word_1_194' title='bbox 398 3313 736 3399; x_wconf 90' lang='lat' dir='ltr'><strong>vocamus)</strong></span> <span class='ocrx_word' id='word_1_195' title='bbox 796 3310 1118 3397; x_wconf 81' lang='lat' dir='ltr'><strong>generosi,</strong></span> <span class='ocrx_word' id='word_1_196' title='bbox 1185 3309 1496 3395; x_wconf 89' lang='lat' dir='ltr'><strong>maj0rem</strong></span> <span class='ocrx_word' id='word_1_197' title='bbox 1552 3308 1616 3372; x_wconf 91' lang='lat' dir='ltr'><strong>in</strong></span> <span class='ocrx_word' id='word_1_198' title='bbox 1672 3307 1938 3375; x_wconf 90' lang='lat' dir='ltr'><strong>modum</strong></span> <span class='ocrx_word' id='word_1_199' title='bbox 1995 3309 2499 3398; x_wconf 86' lang='lat' dir='ltr'><strong>multiplicentur.</strong></span> 
     </span>
     <span class='ocr_line' id='line_1_27' title="bbox 395 3420 2500 3512; baseline 0.002 -25"><span class='ocrx_word' id='word_1_200' title='bbox 395 3423 530 3491; x_wconf 93' lang='lat' dir='ltr'><strong>Hoc</strong></span> <span class='ocrx_word' id='word_1_201' title='bbox 577 3424 748 3491; x_wconf 90' lang='lat' dir='ltr'><strong>enim</strong></span> <span class='ocrx_word' id='word_1_202' title='bbox 794 3445 873 3491; x_wconf 91' lang='lat' dir='ltr'><strong>eo</strong></span> <span class='ocrx_word' id='word_1_203' title='bbox 926 3445 1066 3491; x_wconf 89' lang='lat' dir='ltr'><strong>rem</strong></span> <span class='ocrx_word' id='word_1_204' title='bbox 1112 3421 1398 3502; x_wconf 90' lang='lat' dir='ltr'><strong>deducit,</strong></span> <span class='ocrx_word' id='word_1_205' title='bbox 1444 3432 1513 3487; x_wconf 87' lang='lat' dir='ltr'><strong>ut</strong></span> <span class='ocrx_word' id='word_1_206' title='bbox 1556 3420 1745 3511; x_wconf 88' lang='lat' dir='ltr'><strong>plebs</strong></span> <span class='ocrx_word' id='word_1_207' title='bbox 1790 3425 1971 3512; x_wconf 86' lang='lat' dir='ltr'><strong>regni</strong></span> <span class='ocrx_word' id='word_1_208' title='bbox 2016 3426 2096 3491; x_wconf 90' lang='lat' dir='ltr'><strong>sit</strong></span> <span class='ocrx_word' id='word_1_209' title='bbox 2138 3425 2389 3493; x_wconf 89' lang='lat' dir='ltr'><strong>humilis</strong></span> <span class='ocrx_word' id='word_1_210' title='bbox 2436 3436 2500 3493; x_wconf 92' lang='lat' dir='ltr'><strong>et</strong></span> 
     </span>
    </p>
   </div>
   <div class='ocr_carea' id='block_1_3' title="bbox 393 3614 810 3625">
    <p class='ocr_par' dir='ltr' id='par_1_5' title="bbox 393 3614 810 3625">
     <span class='ocr_line' id='line_1_28' title="bbox 393 3614 810 3625; baseline 0 1238"><span class='ocrx_word' id='word_1_211' title='bbox 393 3614 810 3625; x_wconf 95' lang='lat' dir='ltr'><strong> </strong></span> 
     </span>
    </p>
   </div>
   <div class='ocr_carea' id='block_1_4' title="bbox 389 3715 2496 4227">
    <p class='ocr_par' dir='ltr' id='par_1_6' title="bbox 392 3715 2496 3965">
     <span class='ocr_line' id='line_1_29' title="bbox 533 3715 2495 3791; baseline 0.003 -21"><span class='ocrx_word' id='word_1_212' title='bbox 533 3718 660 3780; x_wconf 78' lang='lat'>125)</span> <span class='ocrx_word' id='word_1_213' title='bbox 701 3718 984 3791; x_wconf 85' lang='lat' dir='ltr'><strong>Fourthly,</strong></span> <span class='ocrx_word' id='word_1_214' title='bbox 1024 3718 1137 3773; x_wconf 84' lang='lat' dir='ltr'><strong>that</strong></span> <span class='ocrx_word' id='word_1_215' title='bbox 1172 3718 1213 3772; x_wconf 90' lang='lat' dir='ltr'><strong>it</strong></span> <span class='ocrx_word' id='word_1_216' title='bbox 1237 3717 1513 3773; x_wconf 89' lang='lat' dir='ltr'><strong>conisteth</strong></span> <span class='ocrx_word' id='word_1_217' title='bbox 1549 3717 1606 3772; x_wconf 90' lang='lat' dir='ltr'><strong>in</strong></span> <span class='ocrx_word' id='word_1_218' title='bbox 1633 3715 1738 3772; x_wconf 89' lang='lat' dir='ltr'><strong>this</strong></span> <span class='ocrx_word' id='word_1_219' title='bbox 1762 3716 1944 3788; x_wconf 88' lang='lat' dir='ltr'><strong>point,</strong></span> <span class='ocrx_word' id='word_1_220' title='bbox 2002 3716 2116 3774; x_wconf 89' lang='lat' dir='ltr'><strong>that</strong></span> <span class='ocrx_word' id='word_1_221' title='bbox 2150 3735 2323 3791; x_wconf 81' lang='lat' dir='ltr'><strong>every</strong></span> <span class='ocrx_word' id='word_1_222' title='bbox 2343 3734 2495 3775; x_wconf 90' lang='lat' dir='ltr'><strong>com-</strong></span> 
     </span>
     <span class='ocr_line' id='line_1_30' title="bbox 392 3803 2496 3880; baseline 0.003 -24"><span class='ocrx_word' id='word_1_223' title='bbox 392 3817 528 3856; x_wconf 90' lang='lat' dir='ltr'><strong>mon</strong></span> <span class='ocrx_word' id='word_1_224' title='bbox 576 3803 796 3874; x_wconf 78' lang='lat' dir='ltr'><strong>subJect</strong></span> <span class='ocrx_word' id='word_1_225' title='bbox 830 3804 909 3878; x_wconf 81' lang='lat' dir='ltr'><strong>hy</strong></span> <span class='ocrx_word' id='word_1_226' title='bbox 945 3804 1037 3860; x_wconf 85' lang='lat' dir='ltr'><strong>the</strong></span> <span class='ocrx_word' id='word_1_227' title='bbox 1076 3806 1188 3877; x_wconf 89' lang='lat' dir='ltr'><strong>poll</strong></span> <span class='ocrx_word' id='word_1_228' title='bbox 1223 3804 1298 3860; x_wconf 88' lang='lat' dir='ltr'><strong>he</strong></span> <span class='ocrx_word' id='word_1_229' title='bbox 1334 3804 1394 3860; x_wconf 87' lang='lat' dir='ltr'><strong>fit</strong></span> <span class='ocrx_word' id='word_1_230' title='bbox 1430 3810 1486 3860; x_wconf 89' lang='lat' dir='ltr'><strong>to</strong></span> <span class='ocrx_word' id='word_1_231' title='bbox 1525 3804 1687 3860; x_wconf 83' lang='lat' dir='ltr'><strong>make</strong></span> <span class='ocrx_word' id='word_1_232' title='bbox 1724 3822 1756 3859; x_wconf 88' lang='lat' dir='ltr'><strong>a</strong></span> <span class='ocrx_word' id='word_1_233' title='bbox 1792 3805 2024 3876; x_wconf 88' lang='lat' dir='ltr'><strong>soldier,</strong></span> <span class='ocrx_word' id='word_1_234' title='bbox 2078 3806 2189 3863; x_wconf 89' lang='lat' dir='ltr'><strong>and</strong></span> <span class='ocrx_word' id='word_1_235' title='bbox 2225 3813 2324 3862; x_wconf 89' lang='lat' dir='ltr'><strong>not</strong></span> <span class='ocrx_word' id='word_1_236' title='bbox 2359 3808 2496 3880; x_wconf 80' lang='lat' dir='ltr'><strong>only</strong></span> 
     </span>
     <span class='ocr_line' id='line_1_31' title="bbox 392 3890 2178 3965; baseline 0.004 -20"><span class='ocrx_word' id='word_1_237' title='bbox 392 3890 604 3945; x_wconf 86' lang='lat' dir='ltr'><strong>certain</strong></span> <span class='ocrx_word' id='word_1_238' title='bbox 642 3891 973 3962; x_wconf 88' lang='lat' dir='ltr'><strong>conditions,</strong></span> <span class='ocrx_word' id='word_1_239' title='bbox 1013 3908 1079 3947; x_wconf 90' lang='lat' dir='ltr'><strong>or</strong></span> <span class='ocrx_word' id='word_1_240' title='bbox 1115 3893 1350 3963; x_wconf 77' lang='lat' dir='ltr'><strong>degi-ees</strong></span> <span class='ocrx_word' id='word_1_241' title='bbox 1387 3892 1448 3947; x_wconf 71' lang='grc' dir='ltr'><strong>οἱ</strong></span> <span class='ocrx_word' id='word_1_242' title='bbox 1481 3908 1629 3947; x_wconf 90' lang='lat' dir='ltr'><strong>men.</strong></span> <span class='ocrx_word' id='word_1_243' title='bbox 1691 3892 1807 3948; x_wconf 89' lang='lat' dir='ltr'><strong>Vol.</strong></span> <span class='ocrx_word' id='word_1_244' title='bbox 1844 3894 1927 3948; x_wconf 88' lang='lat'><strong>111.</strong></span> <span class='ocrx_word' id='word_1_245' title='bbox 1964 3911 2020 3965; x_wconf 87' lang='lat' dir='ltr'><strong>p.</strong></span> <span class='ocrx_word' id='word_1_246' title='bbox 2055 3899 2178 3953; x_wconf 81' lang='lat'><strong>412.</strong></span> 
     </span>
    </p>

    <p class='ocr_par' dir='ltr' id='par_1_7' title="bbox 389 3977 2494 4227">
     <span class='ocr_line' id='line_1_32' title="bbox 534 3977 2494 4053; baseline 0.002 -19"><span class='ocrx_word' id='word_1_247' title='bbox 534 3980 662 4046; x_wconf 81' lang='lat'><strong>126)</strong></span> <span class='ocrx_word' id='word_1_248' title='bbox 703 3977 924 4049; x_wconf 82' lang='lat' dir='ltr'><strong>Fifthly,</strong></span> <span class='ocrx_word' id='word_1_249' title='bbox 979 3978 1093 4033; x_wconf 87' lang='lat' dir='ltr'><strong>that</strong></span> <span class='ocrx_word' id='word_1_250' title='bbox 1140 3980 1182 4034; x_wconf 89' lang='lat' dir='ltr'><strong>it</strong></span> <span class='ocrx_word' id='word_1_251' title='bbox 1216 3979 1520 4036; x_wconf 85' lang='lat' dir='ltr'><strong>consisteth</strong></span> <span class='ocrx_word' id='word_1_252' title='bbox 1558 3980 1615 4034; x_wconf 87' lang='lat' dir='ltr'><strong>in</strong></span> <span class='ocrx_word' id='word_1_253' title='bbox 1654 3980 1745 4035; x_wconf 88' lang='lat' dir='ltr'><strong>the</strong></span> <span class='ocrx_word' id='word_1_254' title='bbox 1782 3985 2001 4053; x_wconf 88' lang='lat' dir='ltr'><strong>temper</strong></span> <span class='ocrx_word' id='word_1_255' title='bbox 2036 3984 2098 4038; x_wconf 85' lang='lat' dir='ltr'><strong>of</strong></span> <span class='ocrx_word' id='word_1_256' title='bbox 2129 3983 2222 4038; x_wconf 88' lang='lat' dir='ltr'><strong>the</strong></span> <span class='ocrx_word' id='word_1_257' title='bbox 2258 3999 2494 4053; x_wconf 83' lang='lat' dir='ltr'><strong>govern-</strong></span> 
     </span>
     <span class='ocr_line' id='line_1_33' title="bbox 389 4065 2492 4141; baseline 0.003 -20"><span class='ocrx_word' id='word_1_258' title='bbox 389 4070 544 4121; x_wconf 90' lang='lat' dir='ltr'><strong>ment</strong></span> <span class='ocrx_word' id='word_1_259' title='bbox 593 4065 687 4135; x_wconf 87' lang='lat' dir='ltr'><strong>„fit</strong></span> <span class='ocrx_word' id='word_1_260' title='bbox 723 4071 779 4121; x_wconf 89' lang='lat' dir='ltr'><strong>to</strong></span> <span class='ocrx_word' id='word_1_261' title='bbox 816 4066 962 4138; x_wconf 89' lang='lat' dir='ltr'><strong>keep</strong></span> <span class='ocrx_word' id='word_1_262' title='bbox 1003 4066 1093 4121; x_wconf 88' lang='lat' dir='ltr'><strong>the</strong></span> <span class='ocrx_word' id='word_1_263' title='bbox 1139 4067 1389 4138; x_wconf 78' lang='lat' dir='ltr'><strong>subJects</strong></span> <span class='ocrx_word' id='word_1_264' title='bbox 1438 4068 1494 4121; x_wconf 91' lang='lat' dir='ltr'><strong>in</strong></span> <span class='ocrx_word' id='word_1_265' title='bbox 1532 4067 1680 4136; x_wconf 83' lang='lat' dir='ltr'><strong>good</strong></span> <span class='ocrx_word' id='word_1_266' title='bbox 1719 4067 1875 4122; x_wconf 88' lang='lat' dir='ltr'><strong>beart</strong></span> <span class='ocrx_word' id='word_1_267' title='bbox 1911 4070 2020 4125; x_wconf 89' lang='lat' dir='ltr'><strong>and</strong></span> <span class='ocrx_word' id='word_1_268' title='bbox 2058 4087 2327 4141; x_wconf 83' lang='lat' dir='ltr'><strong>courage,</strong></span> <span class='ocrx_word' id='word_1_269' title='bbox 2382 4072 2492 4127; x_wconf 89' lang='lat' dir='ltr'><strong>and</strong></span> 
     </span>
     <span class='ocr_line' id='line_1_34' title="bbox 390 4154 2490 4227; baseline 0.003 -19"><span class='ocrx_word' id='word_1_270' title='bbox 390 4159 489 4208; x_wconf 90' lang='lat' dir='ltr'><strong>not</strong></span> <span class='ocrx_word' id='word_1_271' title='bbox 525 4159 582 4209; x_wconf 90' lang='lat' dir='ltr'><strong>to</strong></span> <span class='ocrx_word' id='word_1_272' title='bbox 630 4154 775 4227; x_wconf 89' lang='lat' dir='ltr'><strong>keep</strong></span> <span class='ocrx_word' id='word_1_273' title='bbox 814 4156 965 4213; x_wconf 87' lang='lat' dir='ltr'><strong>them</strong></span> <span class='ocrx_word' id='word_1_274' title='bbox 1003 4156 1059 4210; x_wconf 90' lang='lat' dir='ltr'><strong>in</strong></span> <span class='ocrx_word' id='word_1_275' title='bbox 1099 4155 1189 4211; x_wconf 82' lang='lat' dir='ltr'><strong>the</strong></span> <span class='ocrx_word' id='word_1_276' title='bbox 1226 4155 1512 4212; x_wconf 86' lang='lat' dir='ltr'><strong>condition</strong></span> <span class='ocrx_word' id='word_1_277' title='bbox 1549 4155 1612 4210; x_wconf 81' lang='lat' dir='ltr'><strong>of</strong></span> <span class='ocrx_word' id='word_1_278' title='bbox 1642 4156 1842 4213; x_wconf 87' lang='lat' dir='ltr'><strong>servile</strong></span> <span class='ocrx_word' id='word_1_279' title='bbox 1882 4158 2106 4215; x_wconf 86' lang='lat' dir='ltr'><strong>vassals.</strong></span> <span class='ocrx_word' id='word_1_280' title='bbox 2178 4158 2317 4215; x_wconf 90' lang='lat' dir='ltr'><strong>Eod.</strong></span> <span class='ocrx_word' id='word_1_281' title='bbox 2363 4160 2490 4216; x_wconf 94' lang='lat' dir='ltr'><strong>loco</strong></span> 
     </span>
    </p>
   </div>
   <div class='ocr_carea' id='block_1_5' title="bbox 386 4245 599 4311">
    <p class='ocr_par' dir='ltr' id='par_1_8' title="bbox 386 4245 599 4311">
     <span class='ocr_line' id='line_1_35' title="bbox 386 4245 599 4311; baseline 0.019 -14"><span class='ocrx_word' id='word_1_282' title='bbox 386 4257 441 4311; x_wconf 91' lang='lat' dir='ltr'><strong>p.</strong></span> <span class='ocrx_word' id='word_1_283' title='bbox 479 4245 599 4301; x_wconf 79' lang='lat'><strong>412.</strong></span> 
     </span>
    </p>
   </div>
  </div>
 </body>
</html>
