2998 4863
1229 333 1657 396 ...29-

407 502 623 571 riculis
665 505 1014 591 expositam
1061 512 1125 569 et
1156 501 1617 570 calamitatibus
1648 500 1938 569 omnibus
1968 501 2303 570 obnoxiam
2333 525 2498 583 esse,

406 620 489 683 ita
533 628 602 683 ut
645 639 904 707 semper
945 617 1216 684 remedii
1257 638 1385 684 non
1429 637 1510 683 ex
1553 631 1773 684 natura
1815 638 1954 699 sua,¹
1989 618 2108 685 sed
2154 639 2234 684 ex
2262 640 2498 708 oppor-

407 733 666 798 tunitate
713 735 1065 800 occasionis
1110 735 1323 821 petitis
1366 743 1568 822 egeat.
1658 736 1749 799 Ita
1776 736 1944 800 Baco
1975 753 2189 800 veram
2237 734 2497 800 civitatis

406 857 691 913 naturam
738 858 803 915 et
846 850 1138 929 rationeS,
1187 848 1419 937 quibus
1462 849 1587 916 vita
1634 849 1772 936 ejus
1816 847 2177 937 procedere
2208 845 2406 913 dehet
2436 858 2502 912 et

407 963 730 1049 quomodo
791 965 1063 1029 instituta
1119 963 1259 1052 ejus
1316 985 1397 1030 ex
1452 972 1675 1029 natura
1731 961 2123 1051 reipublicae
2182 960 2496 1050 proficisci

408 1074 698 1157 debeant,
743 1074 1023 1146 nondum
1069 1079 1475 1167 perspexisse
1520 1078 1781 1145 videtur.
1847 1134 1850 1137 ,

1236 1402 1625 1411 ————-—-—-.

1400 1687 1494 1758 ΙΙ.

572 1854 983 1920 Pervenimus
1040 1871 1209 1917 nunc
1276 1851 1361 1914 ad
1429 1852 1708 1937 singulas
1769 1853 2161 1938 reipublicae
2229 1851 2497 1917 admini-

400 1966 697 2032 strandae
744 1973 977 2050 partes,
1023 1981 1183 2050 quas
1229 1960 1587 2043 secundum
1633 1982 1780 2027 eum
1809 1963 2116 2040 ordinem,
2160 1986 2290 2053 quo
2328 1968 2497 2033 Baco

402 2100 515 2149 eas
581 2081 641 2145 in
704 2078 925 2145 litteris
991 2076 1136 2157 illis,
1206 2074 1440 2165 quibus
1507 2097 1743 2143 nomen
1802 2087 1899 2144 est
1942 2076 2220 2157 „Advice
2278 2087 2342 2144 to
2398 2081 2497 2146 Sir

403 2192 652 2283 George
709 2192 994 2261 Villiers“
1021 2197 1109 2279 ⁵4)
1180 2191 1490 2279 disposuit
1546 2201 1611 2258 et
1677 2189 1799 2257 sub
1868 2190 2096 2269 iisdem
2149 2183 2342 2257 titulis
2395 2191 2498 2281 hic

397 2396 566 2406 -—-—

532 2512 628 2579 54)
671 2510 1021 2582 opusculum
1059 2509 1216 2565 illud:
1273 2509 1529 2580 „Advice
1576 2514 1631 2565 to
1680 2508 1769 2565 Sir
1805 2508 2024 2581 George
2060 2509 2320 2567 Villiers“
2353 2511 2498 2567 inter

391 2598 613 2669 politica
649 2599 888 2655 Baconis
924 2598 1133 2670 scripta
1167 2596 1319 2654 haud
1356 2598 1528 2654 dubie
1562 2598 1810 2671 primum
1857 2598 2072 2655 obtinet
2114 2593 2319 2656 locum.
2391 2601 2497 2656 Ro·

389 2692 551 2756 gatus
586 2704 619 2742 a
655 2687 896 2760 Geor-gio
934 2687 1164 2759 VillierS,
1201 2688 1298 2760 qui
1332 2692 1535 2759 postea
1569 2684 1686 2744 dux
1723 2704 1757 2743 a
1789 2686 2170 2757 Buckingham
2204 2689 2400 2758 evasit,
2434 2692 2499 2747 ut

391 2776 625 2834 consilia
675 2777 781 2836 sihi
836 2776 993 2834 daret
1045 2776 1117 2832 de
1170 2777 1419 2852 politice,
1472 2777 1622 2831 Baco
1664 2774 1770 2832 has
1819 2776 2028 2832 litteras
2085 2778 2273 2845 (anno
2322 2777 2495 2844 1615)

390 2863 638 2931 scripsit,
700 2864 797 2918 ubi
855 2878 1056 2933 magna
1116 2866 1458 2934 experientia
1514 2869 1570 2918 et
1622 2862 1914 2938 ingenioso
1970 2862 2235 2919 historiae
2281 2863 2491 2933 judicio

392 2950 569 3017 nisuS,
605 2965 794 3019 neque
818 2950 1005 3004 minus
1029 2947 1419 3019 philosophico
1446 2950 1669 3019 ingenio
1698 2948 1935 3018 adjutus,
1960 2952 2266 3019 praecepta
2290 2950 2493 3004 eximia

393 3036 463 3091 ad
497 3050 620 3091 rem
655 3036 940 3108 publicam
971 3037 1310 3109 pertinentia
1351 3037 1674 3108 proposuit,
1727 3036 1802 3091 ita
1847 3040 1911 3094 ut
1956 3035 2378 3094 assentiendum
2421 3035 2494 3091 sit

391 3123 602 3194 ,iudicio
637 3124 836 3186 Malleti
872 3125 972 3197 qui
1015 3125 1099 3184 sic
1136 3124 1206 3182 de
1241 3124 1346 3182 hac
1380 3125 1641 3197 epistola:
1663 3141 1756 3196 5„a
1790 3124 1952 3184 letter
1986 3122 2215 3182 written
2248 3122 2386 3195 with
2420 3140 2487 3180 so

394 3212 656 3282 super10r
692 3230 725 3268 a
755 3212 1083 3283 Judgement
1119 3213 1229 3269 and
1265 3230 1329 3270 so
1357 3214 1527 3273 much
1561 3214 1768 3272 honest
1802 3210 2081 3282 freadom,
2118 3210 2233 3268 that
2268 3212 2315 3268 is
2351 3212 2490 3269 does

394 3298 579 3355 honor
615 3300 841 3373 equally
875 3305 932 3356 to
959 3300 1044 3357 his
1070 3300 1213 3358 head
1241 3319 1315 3357 an
1338 3301 1549 3358 heart.'“
1593 3304 1671 3373 (‘?)
1709 3302 1889 3360 Mallet
1910 3301 2003 3357 life
2029 3300 2092 3357 of
2110 3300 2298 3356 Bacon
2322 3317 2378 3371 p.
2401 3305 2487 3360 28.

391 3388 474 3441 De
529 3385 633 3442 hac
693 3387 927 3458 epistola
983 3394 1182 3443 auctor
1226 3390 1671 3459 Francogallieus
1726 3391 1841 3459 (La
1893 3390 1988 3444 vie
2037 3388 2115 3450 du
2168 3388 2487 3443 chancelier

391 3474 578 3531 Bacon
623 3475 828 3531 traduit
872 3475 942 3534 do
987 3474 1242 3546 l’Anglais
1277 3476 1528 3547 (Manets
1559 3477 1691 3544 life)
1727 3475 2077 3538 Amsterdam
2117 3475 2271 3542 1755,
2307 3490 2370 3543 ps
2398 3476 2489 3535 90.

392 3562 579 3621 Bacon
617 3569 775 3622 entre
812 3564 952 3624 dans
988 3580 1070 3622 un
1105 3563 1268 3620 detail
1306 3569 1467 3620 exact
1503 3563 1797 3620 detoutes
1830 3564 1913 3622 les
1939 3559 2375 3622 connaissances
2394 3561 2484 3632 (1),

393 3658 564 3722 qu’un
609 3653 858 3709 ministre
904 3651 1020 3710 doit
1066 3651 1344 3725 posseder
1391 3655 1446 3708 et
1481 3650 1553 3707 de
1589 3651 1640 3706 la
1676 3650 1964 3719 conduitc‚
2022 3649 2151 3720 qu’il
2188 3648 2305 3706 doit
2339 3651 2485 3706 tenir

393 3738 553 3796 dans
577 3741 631 3797 le
676 3742 1020 3799 maniement
1065 3741 1168 3798 des
1217 3741 1434 3797 affaires
1470 3740 1797 3813 publiques3
1856 3742 2001 3795 cette
2036 3737 2197 3795 lettre
2232 3739 2485 3811 pourrait

390 3827 605 3886 fossurnin
637 3829 721 3885 les
757 3827 1069 3888 materiaux
1105 3830 1236 3887 d’un
1271 3845 1519 3901 ouvrage
1552 3830 1857 3901 important
1890 3831 1947 3885 et
1969 3826 2360 3888 considerable
2385 3829 2484 3899 qui

391 3918 659 3973 serverait
695 3918 1079 3975 d’instruction
1115 3936 1227 3975 aux
1260 3933 1580 3991 personnes
1618 3934 1689 3974 en
1728 3915 1886 3988 place
1912 3921 1967 3972 et
1988 3918 2159 3973 serait
2182 3932 2404 3973 comme
2427 3916 2481 3973 le

388 4001 688 4073 palladium
741 4006 817 4061 du
865 4006 1196 4077 ministere.)
1241 4038 1310 4050 —
1352 4007 1535 4062 Primo
1593 4006 1741 4079 typis
1795 4020 2040 4061 excusae
2094 4006 2324 4062 fuerunt
2373 4004 2481 4063 hae

389 4088 600 4145 litterae
636 4092 872 4150 Londini
908 4099 1133 4155 1661—
1150 4101 1260 4155 4ῐο
1331 4096 1706 4167 Reperiuntur
1748 4094 1808 4156 in
1843 4093 2109 4202 omnihus
2152 4093 2481 4206 melioribus

389 4192 629 4249 operum
662 4180 896 4238 Baconis
933 4184 1284 4246 editionihuS.
1360 4231 1363 4236 ,
2139 4217 2142 4224 1
