2998 4863
1235 336 1676 402 ‚31-

408 522 709 579 eruantur
756 519 824 575 et
875 519 1355 596 componantur,
1424 508 1627 575 oculis
1680 508 1990 576 lectorum
2048 507 2506 577 benevolorum

406 625 808 715 gravissimas
855 623 939 690 de
984 623 1243 712 singulis
1304 621 1619 711 capitibus
1663 643 1855 690 voces
1898 623 2166 689 Baconis
2210 622 2505 713 subjicia-

406 762 579 823 mus,
645 750 713 805 ut
755 738 1035 817 videant,
1102 759 1255 804 num
1301 745 1479 803 recte
1526 737 1792 804 Bacenis
1838 757 2100 804 sensum
2146 739 2506 826 ceperimus

407 873 689 943 numque
732 863 911 921 recte
958 852 1042 920 de
1088 874 1168 919 eo
1206 850 1721 941 judicaverimus
1806 853 2014 918 Movet
2041 872 2159 918 nos
2192 851 2328 919 hoc
2355 873 2509 942 quo-

411 991 555 1058 que,
600 967 775 1057 quod
811 968 1086 1041 ‚Baconis
1118 968 1380 1035 consilia
1409 987 1642 1056 magno
1676 987 1823 1034 cum
1855 967 2149 1033 acumine
2178 977 2250 1033 et
2279 986 2509 1056 magna

408 1083 1009 1171 circumspectione,
1073 1103 1198 1150 nec
1252 1103 1380 1148 non
1435 1081 1742 1169 peculiari
1798 1079 2083 1169 quodam
2126 1101 2365 1169 genere
2412 1080 2509 1147 di-

409 1197 599 1265 cendi
645 1198 933 1285 exposita
978 1207 1138 1276 sunt,
1180 1198 1270 1262 ita
1310 1208 1397 1278 ut,
1442 1198 1496 1262 si
1541 1217 1803 1264 sensum
1833 1205 2077 1261 tantum
2110 1204 2177 1261 et
2212 1196 2338 1261 vim
2365 1214 2508 1262 ver-

404 1311 637 1379 borum
706 1313 844 1400 ejus
910 1312 974 1377 in
1028 1313 1398 1381 universum
1463 1311 1726 1400 assequi
1792 1309 2231 1391 studeremuS,
2292 1331 2511 1379 veram

407 1437 620 1494 tamen
680 1428 819 1516 ejus
874 1426 1154 1493 indolem
1213 1438 1279 1494 et
1334 1427 1656 1516 ingenium
1716 1424 2089 1492 describere
2133 1444 2262 1492 non
2305 1427 2512 1513 possi-

403 1564 563 1610 mus,
641 1542 873 1623 Quare,
922 1564 1068 1609 cum
1112 1542 1289 1632 apud
1309 1545 1638 1609 Baconem
1680 1561 1910 1608 vocem
1953 1541 2172 1607 intime
2219 1560 2367 1607 cum
2414 1560 2510 1620 eo,

406 1657 584 1747 quod
628 1678 753 1724 vox
798 1656 1120 1745 significat,
1168 1660 1573 1746 conjunctam
1602 1657 1951 1735 videamu5‚
1996 1657 2341 1723 sententias
2372 1655 2512 1743 ejus

405 1774 469 1836 in
516 1792 597 1838 ea
640 1772 879 1857 lingua,
937 1791 1068 1857 qua
1121 1740 1234 1835 eas
1278 1773 1532 1856 scripsit
1576 1775 1712 1856 (aut
1754 1772 1894 1856 ipse
1939 1770 2281 1837 vertendas
2327 1789 2515 1836 cura-

405 1887 540 1970 vit),
588 1882 954 1957 citabimus;
1010 1881 1132 1944 sed
1176 1900 1288 1944 eas
1331 1889 1609 1961 tantum,
1664 1900 1832 1966 quae
1878 1883 1963 1944 ad
2006 1903 2147 1947 rem
2191 1894 2355 1950 sunt.
2444 1884 2515 1947 In

413 1989 840 2081 dijudicandis
884 1999 1100 2055 autem
1143 1992 1472 2057 sententiis
1503 1993 1642 2079 ejus
1673 2011 1800 2057 non
1829 1992 2107 2081 singulas
2137 1996 2277 2083 ejus
2305 2015 2515 2078 voceS,

413 2106 537 2173 sed
596 2124 823 2171 omnes
880 2117 945 2171 et
1002 2126 1258 2172 omnem
1305 2108 1445 2195 ejus
1488 2106 1954 2195 philosophiam
2000 2128 2080 2176 ex
2125 2129 2255 2198 qua
2301 2111 2514 2199 singu-

412 2220 620 2286 larum
679 2240 896 2285 rerum
940 2230 1155 2286 manat
1209 2222 1644 2309 interpretatio
1690 2232 1835 2289 ante
1884 2222 2105 2290 oculos
2148 2222 2514 2304 habuimus;

412 2354 690 2423 cumque
748 2333 852 2400 hic
909 2343 1132 2401 auctor
1175 2356 1302 2403 non
1348 2358 1609 2426 semper
1654 2335 1777 2403 sibi
1823 2347 2094 2419 constet,
2151 2339 2270 2430 sed
2315 2361 2514 2433 saepe

408 2449 683 2537 partium
727 2448 1051 2517 studiosus
1099 2460 1165 2517 et
1211 2453 1484 2540 tempori
1531 2451 1791 2536 cedenS,
1832 2474 1964 2520 non
2006 2453 2073 2520 id
2106 2456 2290 2538 dicat,
2336 2458 2515 2547 quod

410 2563 559 2630 alibi
606 2564 819 2632 verius
863 2565 1169 2633 intellexit
1215 2577 1279 2635 et
1325 2567 1632 2656 exposuit,
1676 2566 1972 2635 omnibus
2016 2569 2138 2634 illis
2179 2569 2358 2653 locis,
2402 2570 2513 2637 ubi

407 2676 491 2744 ob
536 2679 729 2746 animi
772 2679 1272 2749 imbecillitatem
1303 2703 1454 2750 eum
1486 2682 1740 2770 lapsum
1771 2703 1918 2750 esse
1949 2695 2277 2772 appareat,
2320 2705 2512 2774 prae-

405 2793 732 2880 termissiS‚
779 2815 1006 2862 eorum
1047 2806 1290 2863 tantum
1335 2798 1647 2863 rationem
1690 2795 2088 2876 habebimuS,
2130 2798 2242 2865 ubi
2280 2801 2511 2866 verita-

407 2916 542 2973 tem
584 2917 651 2973 et
694 2910 1146 2977 conscientiam
1189 2929 1373 2975 suam
1400 2910 1655 2977 ducem
1698 2921 2125 2998 normamque
2171 2914 2472 3001 sequitur.

822 3316 863 3383 l.
953 3319 1057 3384 DE
1102 3320 1523 3390 RELIGIONE
1568 3319 1661 3386 ET
1705 3319 2096 3388 ECCLESIA.

457 3485 545 3575 ⁵⁷)
593 3481 801 3568 „Cum
872 3483 1093 3573 religio
1160 3487 1239 3551 sit
1313 3487 1731 3575 praecipuum
1806 3485 2122 3552 humanae
2190 3487 2508 3554 societatis

496 3600 843 3692 vinculum,
908 3619 1027 3688 par
1085 3609 1207 3680 est,
1274 3611 1346 3667 ut
1403 3601 1542 3689 ipsa
1599 3599 1830 3667 debitis
1885 3619 2078 3666 verae
2134 3601 2386 3667 unitatis
2443 3622 2509 3677 et

497 3715 813 3782 charitatis
857 3714 1119 3781 vinculis
1163 3714 1608 3804 adstringatur.

455 3830 542 3917 ³⁸)
590 3880 929 3910 .......
976 3883 995 3901 .
1040 3841 1169 3899 two
1213 3829 1583 3920 principles:
1629 3831 1782 3898 That
1813 3831 2226 3900 consciences
2255 3851 2368 3901 are
2398 3844 2508 3900 not

542 4017 638 4083 57)
680 4014 937 4074 Sermon.
975 4019 1121 4076 fidel.
1160 4020 1232 4077 de
1266 4021 1403 4076 unit.
1442 4018 1642 4075 eccles·
1680 4019 1799 4078 Vol.
1833 4019 1904 4090 X,
1940 4036 1998 4090 p.
2033 4021 2088 4078 9.

544 4102 639 4167 58)
678 4145 708 4173 „
722 4102 941 4163 Certain
988 4101 1378 4165 observations
1423 4121 1586 4178 upon
1630 4124 1663 4162 a
1706 4106 1837 4165 libel
1881 4105 2182 4179 published
2230 4106 2337 4164 this
2380 4121 2508 4178 pre-

407 4188 535 4241 sent
581 4203 718 4259 year
766 4195 906 4252 1592
959 4194 1194 4253 intitled:
1250 4196 1344 4267 „A
1387 4193 1730 4254 declaration
1764 4196 1829 4253 of
1857 4193 1952 4252 the
1996 4198 2153 4252 trues
2197 4208 2400 4253 causes
2448 4194 2511 4250 of
