2998 4863
1368 366 1803 430 ...43-

527 541 854 619 intellexit,
923 559 1157 627 quare,
1211 550 1279 604 ut
1335 534 1394 605 in
1455 540 1553 604 his
1600 538 1798 604 rebus
1836 537 2091 626 judices
2137 537 2223 602 ad
2271 536 2456 625 eum,
2520 543 2628 629 qui

524 675 772 724 summa
814 654 1205 742 reipublicae
1250 653 1685 743 gubernacula
1740 664 1942 730 tenet,
2007 652 2377 740 respiciant,
2403 671 2408 675 ·
2439 652 2626 722 voom-

527 769 803 837 mendat.
894 769 964 836 In
1022 769 1388 835 universum
1447 764 1737 855 spectata
1797 768 1959 833 haec
2026 788 2151 833 non
2220 769 2636 856 vituperanda

523 901 708 966 sunt,
741 884 863 951 sed
908 885 963 950 si
997 883 1153 971 ‘quis
1198 882 1348 948 inde
1379 883 1687 972 regulam
1734 882 1816 947 ad
1867 883 2004 948 lites
2050 883 2326 969 privatas
2372 882 2634 973 compo-

520 999 770 1067 nendas
817 999 1205 1066 constituere
1261 997 1437 1076 velit,
1507 1017 1764 1063 omnem
1813 997 1977 1084 juris
2034 997 2231 1063 civilis
2288 1008 2355 1064 et
2399 998 2632 1085 publici

523 1114 886 1182 libertatem
942 1113 1136 1180 tollet.
1224 1115 1384 1178 Nam
1430 1113 1492 1178 in
1538 1110 1737 1178 rebus
1785 1109 2071 1177 civilibus
2118 1132 2239 1179 nec
2283 1135 2410 1179 non
2461 1116 2631 1202 capi-

526 1228 757 1295 talibus
815 1226 1245 1316 dijudicandis
1299 1227 1402 1293 lex
1459 1227 1699 1313 scripta
1755 1236 2062 1314 tanquam
2121 1244 2368 1293 summa
2413 1250 2635 1294 norma

529 1336 951 1410 observanda
982 1354 1107 1422 est,
1178 1344 1262 1408 ita
1308 1353 1377 1407 ut
1413 1340 1669 1429 judices
1715 1341 1800 1406 ad
1845 1342 2084 1408 nullam
2128 1338 2316 1407 aliam
2361 1345 2632 1409 auctori-

519 1468 714 1524 tatem
774 1459 1146 1550 respiciant,
1204 1456 1321 1523 sed
1378 1456 1628 1544 legum,
1686 1477 1855 1545 quae
1904 1456 2163 1535 adsunt,
2211 1479 2470 1524 sensum
2516 1478 2632 1545 pro

520 1594 638 1640 sua
684 1573 992 1659 sapientia
1040 1583 1105 1637 et
1149 1571 1490 1659 prudentia
1518 1573 2043 1660 interpretentur;
2091 1593 2195 1637 res
2241 1583 2454 1638 autem
2502 1571 2630 1638 dis-

523 1698 778 1776 ceptata
825 1698 891 1752 et
937 1685 1279 1774 dijudicata
1328 1688 1564 1776 (magni
1611 1688 1665 1752 si
1707 1698 1811 1755 est
1856 1688 2180 1775 momenti)
2230 1686 2429 1752 oculis
2458 1686 2630 1773 prin-

522 1804 680 1891 cipis
755 1799 1152 1890 subjicienda
1231 1812 1355 1881 est,
1422 1822 1570 1868 nam
1640 1802 1726 1869 ad
1794 1824 2017 1892 regem
2075 1811 2393 1890 potesta&
2462 1820 2627 1889 quae

520 1917 775 1996 dicitur,
847 1915 1235 1984 executionis
1293 1919 1583 2004 pertinet.
1673 1920 1813 1985 Non
1863 1917 2116 2006 juribus
2176 1927 2241 1982 et
2295 1916 2632 2003 privilegiis

519 2033 909 2121 privatorum
958 2030 1290 2096 hominum
1337 2053 1483 2098 cum
1531 2034 1757 2121 injuria
1801 2032 2266 2108 imminuendis
2312 2031 2486 2096 salus
2515 2052 2623 2118 pu-

517 2147 687 2215 blica
746 2146 1004 2225 crescit,
1061 2146 1183 2212 sed
1240 2148 1634 2236 reipublicae
1679 2168 1891 2236 aeque
1939 2145 2118 2213 cordi
2164 2156 2290 2225 est,
2345 2158 2415 2211 ut
2459 2146 2628 2234 quis-

518 2285 649 2351 que
694 2263 975 2350 privatus
1029 2262 1136 2348 jus
1184 2282 1373 2327 suum
1421 2274 1486 2328 et
1531 2263 1889 2330 libertatem
1933 2281 2119 2327 suam
2165 2272 2378 2329 teneat
2425 2256 2629 2348 eaque

522 2374 608 2443 de
656 2394 852 2442 causa
889 2374 1148 2462 judices
1193 2375 1397 2444 libera
1445 2389 1510 2446 et
1556 2399 1593 2445 a
1638 2379 1895 2446 nemine
1940 2377 2063 2444 alio
2109 2376 2431 2467 pendente
2477 2393 2631 2441 auc-

517 2492 769 2559 toritate
814 2491 950 2571 frui,
996 2512 1267 2559 necesse
1314 2504 1428 2560 est.
1476 2535 1555 2546 —

697 2603 829 2673 Sed
886 2607 1085 2672 oritur
1144 2608 1267 2672 alia
1324 2611 1643 2696 quaestio:
1704 2612 1759 2676 si
1795 2608 2084 2698 judicum
2133 2620 2231 2675 est
2276 2605 2630 2674 secundum

521 2721 791 2808 scriptas
835 2720 1050 2809 legum
1098 2724 1444 2789 sententias
1481 2722 1796 2810 judicium
1841 2725 2026 2804 ferre,
2072 2722 2243 2788 unde
2287 2730 2632 2787 nascuntur

522 2836 703 2924 leges
763 2836 989 2923 ipsae?
1061 2837 1244 2926 quid,
1314 2840 1366 2904 si
1427 2839 1609 2927 leges
1664 2839 1872 2926 ipsae,
1939 2849 2128 2927 prout
2179 2838 2319 2924 tulit
2363 2836 2632 2914 occasio,

516 2952 799 3040 scriptae
849 2963 914 3018 et
961 2973 1114 3020 casu
1141 2945 1476 3035 inventae,
1537 2976 1680 3021 cum
1740 2954 1878 3020 aliis
1936 2939 2188 3042 legibus
2236 2964 2301 3019 et
2344 2951 2632 3018 institutis

518 3089 644 3133 non
708 3077 886 3134 recte
936 3070 1364 3136 consentiant!
1465 3070 1637 3135 Baco
1703 3069 2081 3157 respondet,
2148 3066 2630 3135 ascendendum

519 3201 666 3247 esse
723 3181 805 3246 ad
865 3183 1181 3270 quasdam
1228 3186 1408 3273 leges
1455 3185 1699 3273 legum,
1765 3184 1938 3250 unde
1995 3184 2152 3272 quid
2209 3184 2270 3248 in
2329 3201 2627 3271 quaeque

516 3294 660 3384 lege
728 3306 907 3362 recte
977 3308 1085 3363 aut
1148 3319 1495 3386 perperam
1566 3297 1805 3364 dictum
1863 3298 1967 3377 sit,
2033 3308 2358 3386 appareat.
2464 3299 2628 3361 Baco

515 3411 702 3500 igitur
757 3412 1134 3501 cogitatione
1195 3413 1662 3503 philosophiam
1719 3412 2043 3500 quandam
2103 3414 2266 3501 juris
2325 3411 2631 3497 concepit,

516 3547 684 3615 quae
735 3548 814 3595 ex
871 3529 1136 3595 summis
1183 3528 1420 3618 regulis
1467 3539 1533 3595 et
1577 3528 1900 3616 principiis
1947 3527 2192 3616 singula
2227 3529 2373 3615 jura
2415 3527 2630 3611 leges-

515 3624 645 3728 que
695 3642 955 3709 derivet.
983 3647 1076 3731 ⁸¹)
1153 3643 1281 3710 Sed
1316 3645 1457 3732 ipse
1489 3643 1677 3732 hujus
1724 3642 2028 3709 scientiae
2075 3640 2630 3708 adumbrationem

655 3877 752 3940 81)
790 3876 1004 3946 Dugald
1040 3880 1283 3936 Stewart
1318 3882 1376 3935 in
1413 3879 1805 3938 dissertatione
1834 3882 1951 3952 jam
1988 3885 2151 3939 citata
2177 3882 2329 3954 (vide
2353 3885 2543 3937 annot.
2568 3883 2630 3947 3)

515 3961 725 4033 Aphor.
748 3963 808 4018 V.
831 3969 887 4018 et
912 3965 994 4021 Vl.
1033 3965 1123 4039 (74
1158 3974 1214 4023 et
1233 3967 1321 4042 79)
1357 3967 1686 4037 respiciens,
1724 3972 1828 4026 sic:
1867 3972 2044 4041 „How
2070 3972 2295 4044 precise
2319 3970 2413 4026 the
2436 3968 2636 4025 notion

516 4066 668 4118 was,
724 4049 841 4105 that
889 4053 1075 4109 Bacon
1120 4055 1228 4109 had
1277 4054 1494 4111 formed
1543 4057 1605 4110 of
1638 4075 1667 4110 a
1706 4058 2114 4131 philosophical
2149 4064 2366 4132 system
2406 4059 2467 4114 of
2492 4055 2633 4127 juris

517 4137 826 4210 prudence,
864 4158 1105 4214 appears
1144 4143 1286 4198 from
1327 4160 1357 4199 a
1392 4145 1787 4215 remarquable
1826 4149 2190 4221 expression,
2244 4147 2302 4201 in
2339 4144 2527 4200 which
2563 4142 2635 4197 he

514 4227 839 4285 mentioned
887 4231 927 4285 it
972 4249 1034 4288 as
1082 4232 1173 4289 the
1221 4248 1434 4305 proper
1480 4232 1776 4292 hussiness
1813 4239 1876 4292 of
1917 4237 2104 4306 those,
2165 4235 2294 4291 who
2342 4233 2516 4303 might
2562 4239 2634 4285 at-
