2998 4863
1213 370 1649 436 „43-

462 546 638 613 enim
683 544 849 611 haec
890 543 1018 611 duo
1059 544 1316 632 spiritus
1364 557 1430 610 et
1473 545 1683 628 nervi,
1738 564 2013 632 quorum
2058 543 2239 615 alteri
2271 545 2346 611 in
2391 544 2485 611 al·

465 661 620 727 teris
664 669 1048 729 moventur.“

602 773 1084 856 „Recordentur
1116 774 1308 840 etiam
1331 772 1611 862 judiceS,
1641 771 2002 840 Salomonis
2029 772 2328 841 thronum
2355 773 2489 840 leo-

468 891 654 959 nibus
698 890 995 978 utrinque
1041 886 1368 956 suffultum
1414 889 1636 955 fuisse:
1694 888 1818 957 sint
1863 907 2020 953 sane
2065 888 2314 969 leones;
2365 889 2485 957 sed

468 1007 689 1074 leones
733 1003 855 1071 sub
904 1004 1158 1071 throno:
1208 1013 1524 1081 caventes,
1568 1020 1652 1069 ne
1698 1002 1941 1091 aliquid
1988 1020 2067 1069 ex
2088 1001 2343 1091 juribus
2373 1024 2486 1070 re-

466 1118 712 1209 galibus
758 1119 1071 1205 impetant
1115 1128 1223 1183 aut
1268 1117 1682 1188 convellant.“

553 1233 741 1301 Nulla
783 1252 893 1300 res
939 1233 1114 1321 apud
1156 1234 1391 1323 Anglos
1437 1233 1695 1319 majoris
1741 1230 2045 1320 ponderis
2093 1239 2157 1298 et
2187 1232 2491 1298 momenti

378 1361 494 1429 est,
539 1369 737 1438 quam
774 1350 882 1437 jus
927 1347 1268 1437 legesque,
1326 1358 1391 1416 et
1439 1349 1549 1436 jus
1607 1348 1919 1435 privatum
1976 1345 2235 1434 (civile)
2283 1355 2348 1412 et
2384 1347 2492 1434 jus

375 1465 723 1554 publicum.
812 1466 991 1555 ⁸Nam
1067 1485 1147 1530 ex
1205 1464 1368 1552 juris
1444 1459 1938 1530 institutionibus
2011 1458 2187 1547 apud
2260 1459 2494 1547 Anglos

377 1580 583 1647 omnis
647 1577 1035 1647 nascebatur
1101 1577 1498 1668 reipublicae
1568 1576 1861 1657 libertae,
1940 1596 2167 1641 omnes
2235 1572 2495 1640 ordines

377 1695 642 1763 civitatis
694 1693 865 1762 bene
915 1695 1307 1762 constitutae.
1414 1690 1642 1759 Curiae
1689 1692 1859 1773 enim
1896 1689 2267 1779 judiciales,
2325 1708 2493 1778 quae

377 1828 607 1876 causas
651 1809 944 1875 forenses
988 1818 1233 1873 tantum
1277 1804 1617 1882 curabant,
1674 1825 1820 1871 cum
1865 1805 2044 1891 apud
2086 1803 2322 1892 Anglos
2367 1804 2496 1870 rei-

376 1922 683 2009 publicae
751 1917 1236 1985 constituendae
1303 1917 1550 1982 formae
1617 1918 1932 2004 legesque
2004 1928 2179 1984 arcto
2246 1916 2496 1985 vinculo

382 2033 826 2101 contineantur
873 2051 1019 2098 cum
1055 2030 1219 2118 juris
1265 2029 1459 2099 civilis
1490 2028 1759 2118 legibue,
1804 2028 2089 2118 indeque
2133 2030 2308 2099 haud
2337 2050 2495 2119 pau..

385 2166 504 2214 cae
560 2144 890 2235 profectae
945 2147 1092 2226 sint,
1160 2166 1309 2211 mox
1362 2144 1767 2233 publicorum
1821 2146 2223 2233 negotiorum
2268 2167 2498 2215 curan-

385 2260 615 2328 dorum
670 2261 1015 2348 participes
1070 2261 1275 2328 factae
1335 2269 1494 2326 sunt.
1601 2259 1893 2350 Cumque
1943 2261 2109 2348 juris
2179 2261 2375 2329 civilis
2433 2270 2499 2329 et

380 2374 620 2465 publici
667 2395 746 2442 ea
790 2384 1011 2444 natura
1058 2376 1166 2455 sit,
1223 2384 1292 2441 ut
1347 2395 1609 2442 suarum
1655 2375 1871 2465 legum
1917 2386 2159 2443 certam
2205 2396 2496 2446 normam

380 2512 666 2580 sequens
722 2510 849 2555 non
904 2488 989 2557 ab
1046 2488 1170 2555 alia
1224 2491 1626 2572 auctoritate,
1695 2499 1910 2581 neque
1967 2493 2210 2581 populi,
2279 2511 2495 2581 neque

377 2607 551 2695 regis
608 2604 917 2694 pendeat,
987 2606 1202 2672 curiae
1257 2605 1404 2672 illae
1456 2605 1797 2694 judiciales
1864 2606 2135 2676 liberam
2191 2627 2376 2676 suam
2431 2606 2495 2671 in

378 2719 577 2790 rebus
621 2719 894 2808 publicis
941 2720 1245 2809 gerendis
1288 2732 1517 2789 nactae
1564 2732 1714 2789 sunt
1768 2722 2228 2798 conditionem,
2296 2724 2381 2788 ita
2426 2730 2495 2787 ut

378 2859 460 2905 ex
505 2836 736 2903 nullius
794 2835 1523 2922 voluntatependentes
1567 2836 1930 2902 secundum
1973 2838 2155 2922 leges
2201 2846 2265 2900 et
2310 2855 2494 2900 suam

378 2951 759 3039 sapientiam
817 2948 1005 3013 saluti
1060 2945 1363 3034 publicae
1429 2950 1806 3035 prospicere
1873 2949 2135 3035 possint.
2198 2989 2276 3000 --
2323 2948 2494 3011 Baeo

377 3066 554 3136 initia
597 3074 842 3130 tantum
887 3062 1077 3149 hujus
1120 3060 1432 3128 libertatis
1485 3061 1667 3140 vidit,
1734 3073 1799 3128 et
1853 3070 2162 3150 quantum
2221 3059 2495 3125 fructum

380 3180 532 3248 inde
576 3189 968 3267 perceptura
1015 3179 1094 3243 sit
1141 3177 1346 3265 patria
1390 3198 1525 3258 sua,
1570 3176 1855 3243 nondum
1901 3175 2243 3264 perspexit.
2333 3173 2496 3241 Vidit

379 3297 560 3384 leges
609 3313 756 3359 esse
805 3293 987 3379 quasi
1036 3314 1321 3359 summos
1366 3292 1642 3361 arbitros
1687 3294 1850 3360 inter
1907 3314 2133 3382 regem
2177 3307 2243 3358 et
2286 3312 2494 3381 popu-

379 3413 529 3490 lum,
574 3410 740 3475 inter
783 3407 1068 3495 singulos
1115 3409 1304 3487 civeS,
1350 3429 1565 3497 eaque
1609 3408 1696 3475 de
1743 3428 1939 3475 causa
1983 3406 2266 3475 neutrius
2297 3406 2495 3493 partis

380 3527 702 3595 studiosas
759 3542 908 3589 esse
967 3520 1240 3601 debere,
1309 3544 1524 3611 neque
1582 3524 1773 3589 etiam
1830 3521 1915 3588 ab
1974 3523 2239 3589 alterius
2298 3521 2495 3608 partis

381 3639 642 3709 arbitrio
689 3637 977 3727 pendere
1026 3657 1249 3725 posse;
1306 3638 1437 3704 vult
1472 3637 1730 3725 judices
1773 3638 1918 3703 forti
1963 3639 2200 3717 animo,
2238 3635 2496 3725 justitia,

382 3757 686 3846 patientia
731 3753 1058 3843 praeditos
1107 3763 1170 3818 et
1216 3761 1435 3818 contra
1480 3753 1651 3840 regis
1700 3763 1764 3818 et
1808 3752 2112 3820 nobilium
2157 3752 2494 3819 auctorita-

381 3883 513 3937 tam
559 3872 830 3939 munitos
877 3889 1056 3949 essc,
1102 3889 1383 3957 cumque
1428 3869 1570 3935 lites
1616 3870 1893 3962 privatas
1938 3891 2138 3959 saepe
2183 3868 2266 3936 ad
2316 3889 2493 3935 com-

383 3987 575 4051 moda
634 3997 700 4051 et
753 3985 1052 4053 utilitates
1110 3984 1504 4074 reipublicae
1563 3986 1790 4053 referri
1835 3985 2073 4063 videat,
2141 3995 2211 4048 ut
2266 3983 2340 4048 iis
2388 3991 2494 4047 aut

382 4097 715 4192 prodesse
743 4111 851 4165 aut
898 4099 1134 4167 obesse
1180 4100 1453 4189 possint:
1502 4100 1825 4189 publicam
1874 4101 2142 4166 salutem
2168 4095 2494 4185 judicibus

389 4214 579 4281 etiam
628 4233 944 4278 summam
989 4215 1217 4301 legem,
1263 4216 1349 4281 ad
1395 4237 1589 4303 quam
1636 4217 2006 4303 respiciant,
2053 4233 2199 4279 esse
2248 4210 2493 4278 debere
