2998 4863
1323 302 1751 367 ...24-

482 474 767 540 doctrina
825 495 952 541 non
1009 496 1088 540 ex
1143 494 1396 541 summo
1443 473 1616 543 fonte
1661 476 2008 542 sententias
2051 496 2202 543 suas
2249 474 2578 559 derivaret,

479 588 602 655 sed
631 611 751 677 pro
790 593 886 658 rei
928 590 1210 672 utilitate,
1255 600 1323 656 ut
1355 591 1791 677 opportunitas
1835 600 2199 676 temporum
2242 590 2577 680 flagitabat,

478 701 825 791 disjunctas
870 716 1286 792 proponeret:

534 820 614 907 ⁴⁴¹)
659 820 1121 902 „Veruntamen
1182 831 1245 887 et
1300 821 1424 889 boc
1478 841 1703 887 verum
1763 829 1884 897 est,
1939 817 2232 886 moderni
2276 822 2583 908 temporis

565 933 971 1020 prudentiam
1029 935 1197 1002 circa
1255 935 1615 1023 principum
1673 934 1930 1022 negotia
1972 932 2307 1003 tractanda
2349 935 2414 1001 in
2458 936 2584 1003 hoc

563 1049 963 1136 potissimum
1009 1050 1275 1129 versari,
1321 1061 1389 1115 ut
1434 1049 1888 1136 conquirantur
1932 1049 2135 1137 magis
2180 1057 2246 1115 et
2289 1059 2584 1136 aptentur

564 1162 851 1231 remedia
900 1172 965 1229 et
1008 1161 1400 1254 subterfugia
1445 1164 1761 1232 malorum
1807 1174 1873 1232 et-
1914 1163 2376 1251 periculorum.
2433 1184 2580 1231 cum

566 1277 939 1365 ingruerint,
1000 1299 1194 1368 quam
1239 1289 1308 1344 ut
1362 1277 1701 1366 prudentia
1747 1278 1952 1345 solida
1998 1290 2062 1347 et
2107 1280 2416 1346 constanti
2462 1277 2580 1345 de-

561 1391 880 1478 pellantur
928 1404 992 1461 et
1036 1404 1570 1473 summoveantur,
1616 1404 1961 1481 antequam
2001 1393 2385 1482 impendant.
2457 1395 2580 1460 Ve-

562 1529 705 1574 rum
762 1507 887 1574 hoc
931 1508 1080 1575 nihil
1137 1507 1310 1575 aliud
1357 1519 1480 1586 est,
1538 1529 1734 1597 quam
1779 1510 1843 1575 in
1888 1530 2093 1598 agone
2140 1529 2284 1577 cum
2333 1508 2581 1575 fortuna
2663 1517 2668 1522 “

561 1622 889 1709 experiri.“

469 1733 1024 1819 Προφυλακτωοὴν
1087 1737 1303 1824 itaque
1356 1738 1658 1825 politicen
1703 1761 1884 1824 esse,
1948 1741 2080 1808 vult
2131 1741 2328 1819 Baco,
2383 1747 2583 1827 atque

468 1871 730 1938 semper
775 1853 838 1919 in
883 1853 1163 1920 futurum
1209 1854 1723 1941 prospicientem,
1768 1877 1896 1946 qua
1943 1858 2007 1925 in
2059 1866 2211 1923 arte.
2241 1855 2582 1923 Henricum

469 1965 583 2035 Vll.
641 1988 865 2056 regem
909 1968 1171 2058 Angliae
1241 1989 1441 2057 saepe
1514 1971 1746 2039 laudat.
1844 1973 2123 2040 Primam
2179 1973 2332 2039 artis
2377 1973 2580 2057 impe-

471 2079 655 2149 randi
709 2085 998 2173 regulam
1051 2086 1115 2152 in
1160 2105 1340 2168 vera,
1398 2106 1596 2172 quam
1643 2096 1851 2165 vocat,
1907 2086 2157 2175 imperii
2211 2098 2578 2170 „tempera-

467 2208 649 2265 tura“
695 2201 965 2283 positam
1011 2221 1160 2265 esse
1206 2208 1458 2265 censet:

509 2313 599 2398 ⁴⁵)
651 2309 1085 2377 Certissimum
1132 2286 1257 2387 est,
1299 2307 1454 2375 nihil
1496 2310 1937 2376 auctoritatem
1979 2328 2192 2394 aeque
2239 2307 2576 2373 destruere

551 2444 629 2491 ac
689 2422 1097 2513 inaequalem
1143 2434 1210 2493 et
1253 2423 1439 2512 quasi
1485 2422 1938 2494 subsultoriam
1984 2431 2179 2509 atque
2224 2419 2574 2502 intempes-

553 2540 740 2606 tivam
797 2539 1120 2626 potentiae
1178 2539 1649 2617 alterationem,
1715 2556 1884 2603 nunc
1949 2533 2215 2622 rigidius
2269 2534 2574 2608 intensae,

552 2674 725 2726 nunc
780 2654 981 2722 laxius
1050 2652 1383 2722 remissae.
1485 2654 1888 2739 Responsum
1943 2649 2253 2737 Apollonii
2315 2646 2572 2736 egregia

550 2767 892 2858 prudentia
935 2766 1200 2855 plenum
1244 2777 1358 2836 est.
1447 2762 1885 2853 Interrogabat
1930 2786 2079 2835 eum
2121 2764 2571 2853 Vespasianus:

554 2884 729 2970 Quid
772 2884 1008 2952 Neroni
1052 2884 1277 2952 ruinae
1320 2880 1588 2952 fuisset?
1630 2881 2012 2968 Respondit:
2055 2883 2227 2949 Nero
2267 2878 2571 2947 citharam

553 3001 791 3088 pariter
835 3000 1095 3089 pulsare
1142 3011 1207 3066 et
1248 2997 1740 3068 accommodare
1772 3007 2058 3076 noverat3
2104 3006 2169 3063 at
2197 2993 2573 3084 imperando

554 3115 831 3182 chordas
877 3115 1203 3183 interdum
1254 3115 1515 3181 nimium
1574 3110 2009 3190 distendebat,
2080 3111 2400 3179 interdum
2455 3130 2571 3177 eas

547 3228 812 3298 nimium
856 3228 1197 3298 relaxabat.

504 3346 597 3433 ⁴⁶)
639 3342 999 3409 Prudenter
1053 3343 1288 3410 faciunt
1331 3363 1549 3431 regeS,
1617 3342 1698 3421 si,
1754 3343 1815 3407 in
1870 3342 2376 3410 innovationibus
2433 3341 2569 3407 suis

546 3479 586 3526 a
629 3469 924 3560 tempore
970 3460 1334 3548 exemplum
1379 3468 1626 3547 petant;
1671 3468 1925 3547 tempus
1972 3460 2143 3525 enim
2184 3459 2435 3524 innovat
2464 3452 2566 3519 vel

545 3577 817 3642 maxime
876 3574 996 3642 sed
1051 3576 1274 3654 tacite,
1338 3573 1732 3665 pedetentim
1790 3594 1868 3640 ac
1913 3575 2050 3640 sine
2098 3594 2311 3641 sensu.
2403 3566 2565 3637 Illud

546 3689 717 3756 enim
762 3711 881 3777 pro
915 3701 1092 3757 certo
1123 3689 1392 3772 habeas;
1440 3690 1617 3779 quod
1661 3711 1898 3756 novum
1930 3699 2045 3766 est,
2090 3698 2348 3774 praeter
2377 3704 2563 3774 spem

545 3814 609 3869 et
654 3807 1196 3892 exspectationem
1252 3806 1598 3886 accedere;
1657 3815 1720 3870 et
1774 3803 1922 3868 huic
1975 3801 2257 3888 adjicere
2303 3796 2563 3886 aliquid,

451 3932 616 3942 -b-

588 3990 678 4064 44)
715 3991 1021 4052 Sermones
1058 3992 1282 4063 fideleS‚
1322 3994 1394 4050 de
1431 3993 1667 4063 imperio
1707 3994 1786 4060 (p.
1822 3992 1909 4047 52.
1947 3989 2003 4043 Τ.
2042 3987 2148 4059 Χ.).

588 4082 684 4148 45)
725 4079 865 4139 Eod.
903 4080 1010 4137 loc.

585 4171 684 4239 46)
723 4169 900 4227 Serm.
939 4169 1031 4226 fid.
1070 4170 1142 4225 de
1178 4168 1640 4225 innovationibus
1679 4167 1816 4222 Tom
1842 4165 1910 4223 X.
1951 4182 2009 4238 p.
2044 4167 2133 4223 66.
