2998 4863
1372 364 1796 426 ...20-

536 540 713 617 tiam,
760 537 812 602 si
859 538 1000 625 quis
1048 534 1307 614 dubitet,
1354 557 1504 601 eum
1550 535 1635 600 ad
1681 557 1843 624 opus
1891 534 2320 623 dogmaticum
2366 538 2630 604 Baconis

537 652 637 719 cui
703 661 800 718 est
867 671 1101 716 nomen
1170 651 1376 730 „Nova
1442 651 1841 741 Atlantis“³⁵)
1910 650 2309 738 delegamuS,
2380 651 2444 715 in
2501 671 2631 739 quo

537 766 886 835 doctrinam
946 763 1031 831 de
1089 767 1328 853 optimo
1386 766 1647 832 civitatis
1702 776 1869 832 statu
1923 775 2321 843 exaraturuS,
2379 785 2526 832 cum
2571 766 2629 831 ei

535 882 860 950 arbitrium
907 890 1081 947 esset
1124 880 1397 947 formam
1443 881 1706 947 civitatis
1750 879 1871 946 sibi
1905 879 2487 949 commodissimam
2516 880 2633 946 eli-

533 997 725 1084 gendi
788 997 851 1061 in
915 994 1118 1060 insula
1175 994 1307 1074 illa,
1376 1015 1572 1083 quam
1626 994 1833 1084 fingit,
1894 1015 2146 1063 summa
2200 992 2631 1083 gubernacula

536 1111 708 1200 apud
752 1129 977 1198 regem
1020 1129 1166 1175 esse
1197 1112 1390 1198 ponit,
1436 1112 1547 1200 qui
1579 1108 2016 1177 saluberrimis
2044 1110 2320 1177 consiliis
2350 1110 2630 1177 omnium

540 1224 941 1297 subditorum
985 1223 1170 1297 saluti
1214 1227 1535 1314 prospicit.
1577 1248 1578 1255 ¹

705 1341 775 1403 In
830 1337 1052 1405 officiis
1110 1341 1279 1428 regis
1338 1339 1731 1427 exponendis
1751 1343 1827 1424 ³⁶)
1886 1350 1949 1404 et
2005 1341 2395 1427 praeceptiS‚
2461 1359 2632 1428 quae

532 1474 781 1520 summo
839 1452 1230 1541 reipublicae
1286 1455 1520 1520 rectori
1567 1453 1701 1533 dat,
1758 1463 1828 1518 ut
1874 1452 2062 1520 officii
2108 1455 2204 1519 sui
2249 1463 2466 1542 partes
2511 1454 2628 1518 im-

532 1569 730 1657 pleat3
788 1589 1044 1646 munus,
1104 1587 1234 1655 quo
1291 1589 1404 1633 rex
1448 1568 1751 1657 fungitur,
1811 1587 2035 1634 omnes
2079 1580 2298 1656 partes
2346 1567 2628 1655 comple-

531 1694 711 1751 ctens
769 1680 1074 1749 describit
1129 1693 1191 1748 et
1248 1683 1411 1754 vitae
1468 1682 1753 1773 regulaS,
1811 1703 1973 1772 quas
2019 1685 2229 1750 animo
2272 1683 2630 1772 propositas

529 1795 767 1862 habeat
825 1818 904 1863 ex
959 1794 1284 1863 altitudine
1345 1808 1409 1863 et
1464 1798 1853 1886 praestantia
1910 1796 2253 1886 dignitatis,
2309 1815 2437 1885 qua
2488 1797 2628 1862 Deo

528 1912 859 1999 proximus.
901 1921 1000 1979 est
1042 1911 1207 1979 inter
1248 1911 1581 1991 mortales.‚
1626 1912 1872 2000 repetit.
1962 1912 2278 1979 Admonet
2324 1931 2497 1992 eum,
2541 1921 2629 1994 ut,

531 2046 677 2092 cum
722 2027 965 2097 honore
1008 2027 1297 2093 nominis.
1324 2026 1409 2093 ad
1447 2031 1658 2096 Deum
1705 2028 1932 2094 solum'
1955 2028 2330 2115 pertinentis
2373 2027 2630 2108 fruatur,

530 2150 593 2206 et
637 2140 898 2213 virtutes
944 2141 1083 2228 ejus
1131 2141 1431 2220 imitetur,
1493 2151 1583 2221 et,
1640 2153 1709 2207 ut
1765 2165 2015 2211 memor
2068 2144 2173 2224 sit,
2228 2146 2437 2209 Deum
2481 2162 2629 2210 cum

527 2256 784 2320 nomine
843 2275 960 2319 suo
1016 2275 1143 2321 non
1200 2266 1490 2322 naturam
1543 2277 1724 2322 suam
1771 2260 1831 2324 ei
1879 2259 2293 2326 concessisse.
2387 2256 2624 2321 Cobor-

528 2379 696 2438 tatur
740 2388 964 2458 regem
988 2374 1065 2459 37)
1112 2382 1182 2438 ut
1211 2370 1443 2461 agendi
1474 2383 1539 2439 et
1574 2373 1908 2462 judicandi
1934 2391 2224 2441 normam
2253 2369 2625 2455 religionem

528 2482 780 2564 babeat,
823 2485 992 2560 hanc
1036 2486 1256 2556 dicens
1302 2510 1620 2556 summam
1664 2489 2058 2578 reipublicae
2088 2477 2623 2551 administrandae

528 2600 866 2681 rationem
912 2620 1060 2668 nam
1096 2603 1405 2691 justitiam
1451 2615 1515 2672 et
1560 2607 1862 2692 pietatem
1893 2619 2045 2687 erga
2073 2596 2443 2683 religionem
2476 2613 2619 2658 esse

529 2714 954 2796 fundamenta,
1000 2716 1231 2805 quibus
1276 2722 1454 2809 regia
1479 2729 1764 2807 potestas
1794 2718 2042 2783 nitatur.
2116 2708 2620 2777 saluberrimum

530 2828 679 2898 dicit
738 2851 884 2898 esse
934 2834 1098 2921 regi,
1154 2835 1414 2901 consilia
1458 2843 1523 2900 et
1566 2829 1855 2897 remedia
1897 2830 2105 2916 ipsum
2149 2826 2454 2906 invenire;
2500 2822 2621 2890 sed

526 2966 654 3011 non
702 2945 1013 3013 obstinato
1060 2949 1269 3014 animo
1316 2948 1390 3013 iis
1436 2943 1754 3020 insistere,
1812 2943 1868 3007 si
1896 2940 2339 3029 prudentiores
2385 2951 2450 3007 et
2496 2941 2618 3007 oir-

529 3064 1029 3149 cumspeotiores
1085 3063 1428 3131 sententias
1483 3054 1806 3122 audiverit.
1897 3059 2138 3145 Regem
2183 3066 2376 3123 vocat
2411 3057 2620 3145 legem

526 3176 1006 3266 ,‚viventem“³⁸)
1068 3197 1213 3243 cum
1270 3175 1407 3262 ipse
1461 3171 1567 3235 lex
1622 3168 1893 3257 loquens
1946 3172 2052 3251 sit,
2110 3183 2174 3238 et
2218 3192 2364 3239 cum
2408 3171 2619 3260 legem

636 3442 640 3446 '
663 3434 753 3505 35)
765 3435 881 3491 Hoc
902 3448 1047 3505 opus
1064 3446 1183 3486 non
1202 3428 1513 3500 perfectum
1533 3442 1660 3483 esse
1672 3428 1742 3483 ab
1760 3415 2007 3499 auctore,
2021 3428 2088 3485 ad
2100 3430 2332 3486 modum
2345 3428 2616 3485 dolemus.

662 3522 754 3596 36)
789 3522 927 3582 Vide
949 3518 1209 3578 Bacenis:
1249 3515 1407 3585 „le
1431 3515 1811 3587 Propositions
1837 3520 2184 3588 concerning
2206 3518 2300 3574 the
2322 3518 2481 3587 reign
2506 3512 2617 3569 and

522 3614 891 3678 government
925 3607 987 3661 ot·
1006 3622 1035 3659 3
1061 3604 1204 3673 King
1240 3605 1393 3663 1647.
1429 3606 1576 3662 4to.“
1634 3605 1733 3661 Est
1769 3622 1999 3679 quoque
2036 3607 2176 3664 haec
2214 3602 2522 3660 dissertatio
2559 3601 2622 3670 in,

523 3696 673 3765 „The
708 3695 898 3751 works
936 3690 998 3745 of
1027 3689 1254 3747 Francis
1293 3692 1494 3747 Bacon.
1547 3692 1801 3753 London.
1841 3698 1994 3753 1819.
2051 3697 2119 3749 10
2155 3689 2407 3748 Volum.“
2477 3687 2616 3744 Vide

524 3797 754 3852 quoque
789 3791 1116 3833 sermonum
1151 3778 1397 3835 fidelium
1431 3780 1635 3837 multos
1670 3781 1846 3840 locos,

658 3867 750 3939 37)
784 3864 1095 3933 Propositio
1143 3869 1194 3927 5.
1266 3868 1436 3938 „And
1488 3868 1601 3926 that
1644 3870 1803 3940 king,
1858 3868 1971 3925 that
2014 3864 2177 3927 holds
2220 3868 2323 3925 not
2366 3864 2614 3935 rdigffin,

522 3956 612 4010 the
645 3954 774 4007 best
806 3966 1014 4007 reason
1050 3954 1113 4009 of
1142 3961 1299 4027 state,
1337 3957 1384 4014 is
1420 3956 1553 4016 void
1588 3958 1650 4014 of
1682 3956 1752 4014 all
1785 3956 1941 4026 piety
1977 3952 2088 4014 aad
2112 3951 2324 4021 justice
2357 3952 2451 4010 the
2482 3968 2619 4023 sup-

520 4043 741 4110 porters
780 4038 842 4094 of
873 4055 904 4094 a
939 4038 1121 4113 king.“
1183 4043 1411 4104 Videtur
1445 4044 1557 4101 hoc
1589 4059 1825 4115 quoque
1860 4043 1919 4097 in
1939 4042 2100 4111 'regis
2136 4039 2330 4101 Jacobi
2364 4039 2616 4100 favorem

519 4126 727 4182 dictum
763 4144 908 4187 esse.
2557 4171 2560 4188 s

655 4216 944 4296 38)Prop.
978 4223 1031 4278 8.
1104 4220 1229 4290 „Hc
1262 4220 1311 4278 is
1347 4219 1440 4278 the
1476 4218 1568 4275 life
1604 4219 1667 4280 of
1698 4217 1791 4282 the
1825 4217 1960 4289 law,
2008 4224 2109 4278 not
2144 4217 2307 4291 only,
2358 4232 2420 4280 as
2456 4215 2529 4274 he
2565 4214 2612 4269 is
