2998 4863
1331 341 1771 403 -36-

495 514 769 580 consiliis
825 513 1130 601 neglectis
1191 524 1255 578 et
1309 513 1601 592 remotis,
1662 510 2175 578 emendationem
2236 533 2485 579 morum
2534 524 2600 579 et

496 629 823 696 doctrinae
872 626 1231 715 spectabat,
1292 626 1499 693 divino
1548 627 1832 714 quodam
1877 625 2090 692 afflatu
2139 629 2491 694 concitatus
2537 638 2600 693 et

494 744 841 830 principem
892 742 1212 830 quandam
1262 742 1472 830 legem
1522 753 1588 806 et
1630 762 1920 807 normam
1967 751 2265 821 secutuS,
2310 743 2603 808 celeriter

494 858 579 923 ad
640 858 832 923 finem
893 857 1220 924 contendit
1277 854 1342 923 et
1387 855 1584 921 multo
1640 856 1824 943 plura
1881 857 2131 944 rejecit,
2189 877 2384 945 quam
2434 878 2602 946 quae

491 995 605 1040 rex
650 975 725 1039 iis
773 974 1106 1040 concessit.
1180 973 1493 1038 Henricus
1524 972 1655 1037 VIII
1695 972 1828 1059 jam
1861 982 2080 1038 contra
2110 971 2227 1037 hos
2258 972 2603 1059 populares

492 1090 736 1154 animos
795 1109 1092 1155 severum
1151 1087 1487 1179 imperium
1536 1097 1913 1153 exercuerat
1960 1058 2030 1154 et
2069 1107 2462 1176 quamquam
2507 1088 2605 1152 in·-

491 1203 684 1269 serior
739 1205 912 1291 regni
977 1203 1152 1268 curia
1207 1201 1498 1268 ordinem
1559 1201 2066 1270 ecclesiasticum
2126 1201 2603 1269 reformandum

492 1338 638 1384 esse
688 1328 1051 1396 censuerat,
1097 1329 1317 1382 tamen
1365 1316 1696 1382 consilium
1742 1315 2066 1403 publicam
2113 1337 2370 1384 omnem
2417 1317 2602 1404 hujus

490 1434 585 1498 rei
655 1454 874 1499 curam
942 1435 1078 1522 regi
1105 1487 1119 1511 ,
1195 1444 1498 1519 tanquam
1570 1430 1887 1497 ecclesiae
1955 1431 2224 1519 principi
2294 1433 2606 1498 commisit

490 1549 744 1638 (1535),
803 1557 871 1612 ut
916 1548 1301 1634 inquireret,
1357 1545 1776 1631 opprimeret,
1842 1543 2208 1632 derogaret,
2254 1549 2606 1635 corrigeret

491 1680 716 1725 omnes
765 1682 1051 1739 erroreS,
1107 1658 1374 1738 abusus,
1418 1659 1708 1746 injurias,
1755 1679 1925 1747 quae
1973 1661 2363 1746 opprimere,
2412 1663 2606 1728 corri-

489 1795 644 1861 gere
702 1785 818 1841 etc.
877 1776 1213 1863 hucusque
1272 1775 1387 1840 fori
1437 1773 1857 1840 ecclesiastici
1904 1774 2127 1844 fuerat.
2181 1818 2258 1828 —
2310 1779 2435 1864 Qui
2483 1777 2604 1843 de-

488 1888 637 1955 inde
706 1911 781 1955 ac
842 1891 1142 1970 Henric0,
1209 1900 1354 1977 post
1424 1887 1507 1954 ab
1568 1888 1867 1955 Eduardo
1925 1892 2002 1957 VI
2067 1891 2607 1982 proponebantur,

489 2005 730 2070 articuli
790 2005 1110 2093 religionis
1166 2005 1424 2070 minime
1473 2002 1594 2069 sibi
1643 2005 2019 2072 constabant
2066 2017 2130 2073 et
2176 2010 2398 2076 incerti
2444 2010 2607 2074 inter

486 2120 816 2206 pristinam
851 2133 914 2186 et
944 2140 1173 2187 novam
1207 2119 1560 2185 doctrinam
1590 2119 1970 2202 haerebant;
2018 2124 2361 2210 populares
2393 2133 2604 2187 autem

485 2235 763 2298 maxime
831 2236 1037 2300 vexati
1107 2244 1277 2315 sunt,
1346 2257 1547 2324 quum
1616 2255 1816 2322 saepe
1876 2235 2137 2300 modum
2197 2235 2602 2301 excederent.

492 2348 648 2411 Cum
700 2346 934 2413 deinde
979 2370 1098 2437 per
1145 2348 1340 2416 breve
1385 2361 1640 2438 tempus
1684 2358 1957 2435 utraque
1988 2346 2175 2410 factio
2208 2367 2445 2424 eorum,
2493 2344 2601 2431 qui

491 2462 872 2529 emendatae
922 2463 1250 2532 doctrinae
1299 2466 1535 2531 addicti
1585 2474 1781 2542 erant,
1825 2464 1886 2527 in
1932 2461 2198 2547 gratiam
2242 2479 2465 2525 secum
2496 2479 2601 2524 re-

490 2578 754 2645 diissent
799 2578 919 2644 sub
951 2580 1139 2645 Mar-ia
1174 2581 1488 2667 etprimis
1529 2585 1707 2641 annis
1738 2573 2426 2662 Elisabethae;rpaullo
2457 2584 2603 2662 post

489 2694 679 2759 factio
738 2694 1066 2782 popularis
1125 2696 1356 2759 iterum
1414 2690 1683 2757 recessit
1741 2698 1804 2751 et
1851 2686 2085 2756 Calvini
2132 2687 2461 2757 doctrinae
2506 2690 2600 2755 fa-

492 2828 667 2890 venS,
715 2809 971 2896 puriora
1017 2829 1217 2887 sacra,
1261 2806 1585 2894 puriorem
1636 2801 1988 2867 doctrinam
2034 2802 2359 2871 instituere
2389 2805 2597 2871 voluit.

489 2921 645 2989 Inde
706 2945 938 2990 nomen
982 2926 1424 2988 Puritanorum
1471 2927 1876 3004 acceperunt.
1979 2916 2339 2986 Elisabetha
2382 2929 2599 2986 autem

489 3039 751 3126 vestigia
795 3040 988 3128 patris
1039 3039 1135 3103 sui
1183 3044 1402 3101 secuta
1449 3043 1574 3098 est:
1637 3030 1972 3119 magnifica
2030 3052 2214 3099 sacra
2261 3045 2326 3099 et
2369 3055 2599 3123 supre-

489 3172 660 3216 mam
709 3155 1159 3241 episcoporum
1207 3146 1576 3234 dignitatem
1614 3147 1889 3230 retinuit,
1934 3146 2075 3234 ipsa
2105 3169 2355 3215 summa
2385 3150 2597 3218 eccle-

488 3266 622 3331 siae
694 3266 1126 3354 gubernacula
1195 3274 1444 3341 tenens;
1503 3260 1830 3349 popularis
1899 3273 2111 3330 autem
2180 3265 2367 3332 factio
2433 3284 2597 3331 anno

491 3384 692 3461 1586,
752 3382 1003 3448 omnino
1049 3375 1131 3442 ab
1181 3376 1529 3464 episcopali
1578 3375 1852 3442 ecclesia
1897 3377 2237 3458 recedenS,
2283 3380 2414 3445 suis
2459 3387 2598 3443 tan-

492 3506 627 3560 tum
673 3494 922 3583 legibus
969 3492 1030 3556 in
1082 3491 1413 3579 disciplina
1459 3490 1897 3558 ecclesiastica
1941 3492 2347 3559 reformanda
2394 3503 2460 3558 et
2502 3492 2597 3555 in-

491 3607 808 3673 stituenda
852 3627 1083 3693 parere
1133 3607 1464 3676 constituit.
1541 3608 1615 3672 Et
1659 3608 1935 3695 primum
1983 3607 2246 3697 quidem
2293 3606 2418 3671 hoc
2466 3602 2597 3671 dis-

491 3740 677 3785 cessu
725 3718 808 3784 ab
856 3721 1171 3789 ecclesiae
1219 3723 1492 3806 „unitate
1544 3732 1608 3788 et
1655 3722 1974 3803 charitate,
1989 3735 2020 3762 “
2068 3742 2197 3810 qua
2242 3720 2598 3786 communis

490 3835 712 3921 religio
757 3856 979 3904 omnes
1028 3838 1482 3927 complectitur,
1532 3836 1881 3903 descivisse
1914 3836 2030 3903 sibi
2064 3857 2188 3902 non
2219 3833 2600 3901 videbantur

494 3960 557 4013 et
602 3949 872 4017 liberum
921 3974 1067 4020 esse
1115 3952 1444 4031 duxerunt,
1490 3952 1551 4018 in
1599 3949 1796 4017 rebus
1843 3973 1959 4017 sua
2005 3961 2226 4016 natura
2260 3950 2448 4036 plane
2480 3949 2597 4015 ad-

491 4064 770 4153 iaphoris
803 4077 866 4133 et
896 4068 1107 4156 aliqua
1138 4068 1685 4134 caeremoniarum
1719 4068 2020 4133 varietate
2052 4086 2238 4131 suum
2269 4085 2598 4154 quemque

489 4200 774 4249 amorem
822 4194 884 4249 et
930 4182 1210 4249 studium
1257 4182 1460 4269 sequi,
1507 4200 1589 4245 ne
1634 4188 1892 4246 externa
1941 4180 1998 4247 vi
2041 4178 2413 4247 cohibeatur
2445 4200 2598 4248 con-
