2998 4863
1322 366 1758 427 ..83-

485 544 544 606 in
620 540 741 604 hac
798 559 868 604 re
934 547 1187 603 secutus
1246 538 1350 615 sit,
1424 538 1484 601 in
1544 541 2001 605 commentario
2062 538 2194 618 „de
2241 537 2595 605 fontibus

477 655 687 743 juris
735 653 894 719 sive
942 651 1031 717 de
1070 652 1385 740 justitia
1433 652 1903 718 universali“
1948 653 2237 740 legimus,

659 768 791 834 Sed
837 765 990 855 quid
1038 764 1352 832 dicimus?
1418 767 1584 830 Dum
1633 766 1714 832 ad
1761 766 1919 833 haec
1951 787 2149 854 opera
2181 768 2590 855 cogitationes

483 883 771 961 intendit,
817 892 885 947 ut
927 880 1096 948 bene
1148 880 1229 945 de
1276 879 1611 967 republica
1656 892 1952 960 mereret,
1998 882 2453 970 ignominiosae
2499 883 2591 946 in-

477 1000 680 1089 juriae
728 1006 947 1064 contra
989 997 1192 1062 virum
1240 995 1693 1083 probissimum
1744 1015 2078 1062 suasorem
2111 1007 2174 1062 et
2207 999 2591 1063 instrumen-

480 1127 609 1181 tum
656 1134 728 1179 se
774 1112 915 1179 fieri
959 1131 1190 1198 passus
1238 1122 1337 1177 est
1360 1118 1498 1194 1³³),
1548 1121 1764 1178 contra
1813 1111 2084 1177 Oliver
2129 1112 2224 1178 St.
2271 1112 2492 1179 John!

653 1226 788 1293 Sed
848 1225 1276 1314 ignominiosis
1334 1224 1844 1314 improbitatibus
1901 1226 2295 1293 assuefactus
2344 1230 2590 1294 animus

475 1344 616 1431 ejus
672 1341 938 1407 ulterius
996 1360 1376 1429 progressus
1437 1351 1562 1418 est,
1620 1360 1768 1406 cum
1816 1342 2333 1408 concionatorem
2381 1362 2589 1430 quen-

476 1459 626 1524 dam
671 1455 1059 1522 Peacham
1099 1457 1355 1522 nomine
1400 1455 1676 1523 criminis
1706 1455 1922 1522 laesae
1954 1457 2302 1545 majestatis
2332 1476 2591 1522 accusa-

473 1584 610 1638 tum
656 1570 739 1635 ob
789 1570 1156 1651 orationem,
1204 1591 1372 1660 quae
1414 1570 1590 1659 apud
1622 1592 1771 1637 eum
1801 1573 2069 1653 inventa,
2113 1571 2234 1639 sed
2265 1590 2590 1658 nunquam

473 1686 555 1753 ab
603 1707 682 1753 eo
730 1683 946 1750 habita
992 1696 1106 1765 est,
1153 1684 1487 1752 damnaret
1511 1694 1635 1775 ¹³⁴).
1708 1688 1867 1753 Cum
1890 1688 2160 1777 judiceS,
2193 1705 2590 1776 quamquam

472 1803 607 1881 fere
669 1820 893 1865 omnes
952 1800 1158 1886 pretio
1207 1803 1529 1887 corrumpi
1575 1812 1871 1888 poterant
1915 1803 2033 1867 illis
2078 1801 2477 1888 temporibus
2526 1809 2591 1866 et

469 1915 656 1983 facile
701 1913 960 2002 regibus
1006 1911 1556 2001 obtemperabant,
1600 1935 1816 2003 neque
1861 1916 1926 1981 in
1955 1935 2031 1981 re
2059 1915 2215 2002 ipsa,
2264 1916 2445 2002 cujus
2477 1933 2586 1979 ac..

475 2041 732 2097 cusatus
779 2037 981 2108 esset,
1036 2049 1251 2117 neque
1299 2029 1361 2095 in
1409 2028 1689 2117 legibus,
1742 2028 2097 2096 secundam
2143 2047 2304 2116 quas
2354 2023 2588 2113 dijudi-

484 2145 681 2212 canda
739 2154 900 2223 erat,
969 2162 1231 2209 causam
1286 2144 1488 2209 virum
1546 2145 1722 2211 illum
1779 2143 2125 2210 damnandi
2179 2141 2583 2219 invenissent,

482 2261 642 2327 Baco
685 2269 1055 2328 accusatum
1103 2257 1358 2325 tradidit
1402 2261 1760 2342 tormentis,
1817 2278 1988 2349 quae
2026 2259 2164 2348 jam
2209 2253 2333 2323 sub
2379 2254 2579 2320 Elisa-

615 2562 747 2634 133),
777 2563 884 2619 crr.
922 2563 1111 2619 Letter
1150 2567 1251 2621 113
1298 2569 1353 2618 to
1394 2562 1486 2620 the
1523 2562 1672 2634 king,
1711 2563 2003 2635 reporting
2039 2561 2132 2619 the
2171 2566 2312 2617 state
2349 2561 2412 2615 of
2443 2559 2591 2615 Lord

472 2651 793 2707 chancellor
828 2650 1165 2708 Ellesmeres
1200 2651 1401 2711 health.
1441 2653 1597 2709 Tom.
1618 2652 1678 2707 V.
1704 2656 1825 2711 343.
1902 2650 2009 2705 cfr.
2051 2651 2234 2705 Letter
2262 2652 2367 2705 114
2402 2653 2459 2702 ιο
2495 2645 2590 2702 the

468 2738 602 2806 king
639 2734 939 2809 „touching
973 2740 1278 2796 Peachams
1314 2741 1626 2795 business“
1663 2757 1720 2811 p.
1756 2743 1879 2798 347.
1952 2737 2089 2794 Vide
2127 2738 2280 2792 Tom.
2319 2737 2404 2792 IV.
2475 2735 2589 2790 The

471 2826 677 2892 charge
721 2824 886 2891 given
921 2825 1001 2897 by
1037 2828 1128 2882 Sir
1161 2825 1368 2892 Bacon‚
1405 2824 1598 2894 knight
1634 2828 1849 2895 against
1873 2826 1942 2880 M.
1982 2825 2170 2880 Oliver
2205 2824 2281 2879 St.
2319 2824 2466 2879 John
2502 2825 2589 2878 for

470 2910 851 2980 scandalizing
897 2911 1009 2965 and
1064 2911 1356 2979 traducing
1409 2911 1468 2964 in
1516 2910 1609 2965 the
1650 2912 1839 2981 public
1877 2912 2155 2982 sessions,
2203 2912 2420 2967 Letters
2460 2915 2588 2966 sent

472 3002 618 3056 from
654 2998 747 3055 the
783 2997 938 3054 lords
975 2999 1039 3054 of
1069 2998 1164 3054 the
1201 2996 1425 3054 council
1462 2997 1729 3067 touching
1765 2998 1858 3054 the
1895 2999 2301 3055 benevolence.

616 3087 739 3161 134)
773 3088 856 3142 De
890 3085 998 3141 hac
1033 3103 1097 3143 re
1135 3086 1356 3143 confer:
1401 3086 1878 3156 „Interrogations
1916 3087 2110 3143 where
2136 3105 2294 3159 upon
2314 3086 2589 3144 Peacham

475 3178 522 3231 is
561 3180 616 3230 to
654 3175 728 3230 be
767 3174 1079 3235 examined.
1117 3177 1270 3230 Tom.
1293 3174 1354 3233 V.
1393 3191 1449 3245 p.
1471 3176 1593 3232 336.
1670 3173 1859 3230 Letter
1879 3179 1999 3232 111.
2038 3177 2116 3230 To
2157 3176 2248 3232 the
2285 3176 2419 3246 king
2455 3190 2589 3232 con-

475 3262 708 3331 cerning
741 3261 1047 3319 Peachams
1083 3279 1254 3318 cause
1300 3263 1417 3317 Jan.
1455 3265 1550 3330 21,
1590 3264 1747 3320 1614.
1822 3263 2008 3317 Letter
2043 3268 2162 3328 112.
2211 3266 2289 3320 To
2329 3265 2420 3320 the
2456 3265 2588 3333 king

474 3349 743 3419 touching
778 3349 1082 3407 Peachams
1120 3366 1292 3407 cause
1327 3352 1443 3406 Jan.
1465 3355 1577 3418 27,
1614 3353 1771 3410 1614.
1853 3351 1971 3408 Vid.
2012 3369 2243 3423 quoque
2281 3353 2587 3408 annotatio·

475 3454 608 3494 nem
647 3437 714 3492 ad
753 3437 853 3492 has
890 3436 1112 3493 litteras.
1159 3439 1312 3492 Tom.
1351 3440 1412 3495 V.
1451 3442 1574 3497 338.
1656 3439 1841 3494 Letter
1878 3444 1994 3496 114.
2050 3441 2127 3494 To
2166 3438 2258 3493 the
2296 3438 2428 3508 king
2465 3444 2586 3493 tou·

475 3526 641 3597 ching
676 3524 980 3581 Peachams
1016 3524 1297 3581 business
1346 3528 1464 3582 Jan.
1499 3530 1589 3585 31.
1628 3529 1783 3586 1614.
1820 3544 1887 3598 p.-
1912 3531 2033 3586 343.
2070 3529 2225 3584 Tom.
2264 3527 2328 3583 V.
2370 3542 2423 3596 p.
2459 3528 2581 3584 356.

475 3648 539 3657 -
567 3614 705 3672 Vide
743 3629 1003 3685 quoque:

583 3708 629 3759 1.
702 3703 818 3758 The
856 3700 1231 3758 examination
1268 3701 1330 3755 os
1359 3702 1620 3757 Edmund
1647 3701 1918 3758 Peacham
1956 3705 2009 3755 at
2044 3698 2139 3756 the
2176 3704 2371 3769 tower,
2393 3701 2581 3758 March

482 3796 574 3859 10,
612 3794 774 3851 1614.
832 3792 1181 3861 „Examinat’
1205 3792 1236 3817 “
1282 3807 1388 3860 per
1424 3791 1510 3845 Fr.
1550 3790 1765 3856 Bacon;
1806 3788 1932 3845 Ger.
1973 3789 2285 3862 Helwysse;
2323 3789 2579 3862 Ranulph

477 3878 698 3945 Crewe3
736 3880 796 3934 H.
835 3880 1146 3936 Yelverton.
1202 3880 1358 3933 Tom.
1397 3879 1457 3935 V.
1493 3881 1615 3937 356.

614 3969 663 4021 2.
735 3966 851 4022 The
899 3972 1026 4023 true
1072 3969 1213 4022 state
1259 3966 1321 4021 of
1360 3966 1454 4022 the
1502 3967 1789 4038 question,
1838 3964 2055 4021 wether
2090 3965 2410 4022 Peacham's
2448 3981 2578 4022 case

473 4053 548 4107 be
585 4057 836 4125 treason,
875 4072 942 4111 or
977 4061 1093 4112 not.
1165 4056 1226 4110 In
1263 4054 1355 4110 the
1392 4054 1766 4123 handwriting
1803 4054 1866 4108 of
1895 4053 1981 4109 his
2018 4054 2165 4122 king,
2201 4056 2385 4110 James

610 4144 664 4198 3.
739 4141 846 4198 Cfr.
885 4157 1136 4214 quoque:
1208 4143 1395 4199 Letter
1430 4148 1486 4198 ιο
1526 4143 1617 4199 the
1654 4143 1798 4211 king,
1835 4139 2023 4196 March
2071 4143 2164 4209 12,
2212 4143 2366 4198 1614.
2421 4140 2574 4194 Tom.

474 4230 556 4285 Vl.
595 4246 648 4301 p.
689 4232 740 4291 7.
775 4234 827 4287 8.
867 4234 922 4285 et
959 4230 1374 4287 adnotationem
1413 4231 1481 4286 ad
1519 4232 1619 4287 has
1656 4231 1876 4286 litteras.

2064 4329 2158 4390 6.
