2998 4863
1191 346 1670 409 „11-

387 522 580 588 etiam
625 518 689 585 hi
734 519 795 584 in
842 519 972 583 suis
1017 515 1503 605 cogitationibus
1549 518 1632 584 ad
1660 520 1878 584 intima
1907 521 2258 606 penetralia
2288 541 2490 588 novae

388 635 741 711 doctrinae,
819 651 987 720 quae
1055 633 1392 699 recentiori
1462 652 1621 699 aevo
1699 633 1977 713 existitit,
2051 646 2496 722 pervenerunt.

388 746 809 838 Respublicae
861 746 1265 833 Europaeae,
1334 748 1525 813 etiam
1583 769 1753 836 quae
1808 748 2109 837 pristinae
2162 768 2497 817 sacrorum

390 866 632 930 formae
678 862 875 928 fidem
923 859 1278 941 servabant,
1324 881 1473 928 cum
1518 862 1837 930 vinculum
1886 873 1951 928 et
1995 864 2318 943 unitatem,
2366 885 2496 953 qua

392 1000 509 1066 per
573 979 916 1045 ecclesiam
971 978 1323 1042 Romanam
1382 979 1760 1065 conjunctae
1819 989 2024 1059 erant,
2094 978 2498 1066 abjecissent,

390 1113 571 1160 suam
631 1094 781 1173 vim,
840 1094 1134 1160 virtutem
1203 1102 1269 1157 et
1326 1094 1629 1159 unitatem
1686 1093 1749 1159 in
1806 1113 1880 1159 se
1938 1112 2243 1181 quaeque
2299 1104 2500 1174 nacta,

388 1230 617 1276 novam
661 1208 953 1297 politices
997 1209 1283 1295 speciem
1331 1208 1735 1287 exhibebant,
1780 1228 1931 1274 cum
1975 1207 2061 1274 ad
2092 1228 2166 1274 se
2198 1229 2500 1297 quaeque

389 1325 744 1412 respiceret
787 1336 854 1390 et
898 1325 1091 1390 etiam
1134 1344 1366 1391 novam
1410 1325 1741 1402 rationem,
1788 1343 1916 1411 qua
1971 1323 2189 1410 populi
2231 1325 2399 1390 inter
2427 1344 2502 1390 se

391 1440 790 1505 continentur
858 1440 1245 1506 invenerunt.
1350 1440 1584 1518 Quanti
1652 1438 1955 1521 momenti
2021 1437 2186 1503 haec
2241 1458 2349 1504 res
2407 1439 2503 1516 sit,

391 1573 584 1620 nemo
630 1556 839 1620 verius
882 1554 1190 1621 intellexit
1220 1562 1415 1642 quam
1444 1554 1494 1618 R
1514 1551 1831 1618 ankius.
1878 1550 2068 1617 Aliud
2100 1571 2303 1639 genus
2333 1553 2505 1619 viro-

391 1690 535 1736 rum
579 1692 749 1737 nunc
793 1668 979 1737 saluti
1026 1667 1323 1757 publicae
1368 1667 1765 1756 providebat.
1834 1666 1996 1732 Cum
2035 1677 2226 1733 antea
2256 1666 2504 1734 nobiles

390 1783 592 1863 belin,
650 1783 1025 1850 sacerdotes
1082 1783 1316 1850 ceteris
1369 1783 1642 1867 negotiis
1698 1781 2092 1869 reipublicae
2150 1782 2506 1850 consuluis-

393 1900 586 1971 isent,
649 1915 850 1959 nunc·
881 1894 1060 1957 novis
1106 1893 1307 1956 sacris
1352 1891 1616 1969 addicti,
1661 1912 1824 1957 novo
1871 1895 2219 1958 litterarum
2265 1915 2506 1981 genere

397 2006 626 2072 imbuti
671 2004 786 2070 viri
831 2022 1046 2069 rerum
1094 2000 1496 2091 publicarum
1543 2004 1876 2091 praesules
1921 2016 2116 2083 erant,
2144 2009 2274 2094 >qui
2317 2008 2508 2098 longe

400 2118 560 2186 alias
604 2140 711 2185 res
756 2117 1065 2185 curabant
1110 2129 1175 2185 et
1220 2117 1359 2183 aliis
1406 2118 1763 2185 commodis
1808 2118 2255 2208 providebant,
2313 2143 2512 2210 quam

399 2236 458 2314 ii,
506 2236 615 2322 qui
659 2245 847 2300 antea
891 2232 1088 2300 rebus
1131 2234 1563 2321 praefuerant.

574 2351 648 2414 Hi
707 2359 852 2416 sunt
907 2349 994 2414 illi
1047 2350 1162 2415 viri
1209 2387 1288 2400 -
1336 2348 1625 2437 Angliam
1680 2351 2057 2439 respicimus
2102 2389 2178 2401 --
2237 2351 2351 2439 qui
2391 2370 2513 2439 per

399 2476 595 2533 totam
639 2467 829 2532 vitam
875 2479 1056 2532 suam
1100 2467 1164 2531 in
1210 2476 1461 2553 partem
1492 2465 1933 2533 sollicitudinis
1962 2465 2259 2554 publicae
2290 2466 2511 2534 salutis

397 2582 602 2648 vocati
647 2592 714 2648 et
757 2586 995 2669 optime
1026 2582 1367 2661 exercitati,
1415 2580 1538 2648 sub
1584 2583 1929 2649 Henrico
1974 2580 2119 2649 VIII.
2154 2593 2219 2649 et
2249 2582 2511 2650 Elisa..

398 2695 636 2762 betha
695 2699 974 2785 patriam·
1021 2718 1206 2763 suam
1262 2695 1347 2761 ad
1403 2696 1645 2784 gloriae
1692 2695 2009 2784 fastigium
2057 2697 2334 2765 consiliis
2379 2697 2513 2765 suis

400 2824 766 2895 evexerunt,
815 2815 925 2900 qui
970 2813 1237 2900 Philippi
1282 2812 1453 2896 regis
1493 2809 1861 2897 superbiam
1894 2824 2357 2899 represserunt,
2399 2814 2511 2900 qui

401 2926 628 3013 Belgas
674 2928 739 2990 in
786 2929 1065 2992 cruentis
1113 2946 1337 2991 eorum
1384 2924 1571 2990 bellis
1618 2924 2021 3010 adjuvarunt,
2070 2927 2179 3012 qui
2227 2926 2512 2991 ferocem

405 3113 810 3122 ⁶.-vV·—.——

401 3234 567 3288 Junio
606 3232 792 3300 Bruto,
834 3235 1045 3302 Celta)3
1104 3237 1192 3291 La
1227 3235 1491 3302 Boetie,
1541 3236 1785 3289 Montani
1832 3236 2044 3290 amicus
2088 3236 2189 3302 (Le
2230 3234 2513 3302 Contr'un,

404 3338 481 3377 on
530 3319 792 3376 discours
837 3321 905 3375 de
952 3322 1004 3376 la
1046 3322 1334 3377 servitude
1379 3323 1706 3378 volontaire.
1756 3323 1937 3396 1578);
1996 3323 2366 3379 Buchanan
2407 3326 2513 3391 (De

397 3410 528 3480 jure
572 3410 730 3479 regni
776 3408 928 3479 apud
974 3407 1229 3480 Sootos);
1286 3412 1551 3480 Poynet
1601 3415 1667 3477 (a
1712 3409 1872 3464 short
1926 3411 2150 3465 treatise
2215 3411 2278 3465 of
2324 3412 2515 3481 politic

408 3498 650 3571 power);
693 3498 1001 3552 Rosaeus
1039 3497 1153 3567 (Dr.
1180 3497 1496 3558 Raiuolds?)
1534 3496 1604 3552 de
1624 3497 1773 3565 justa
1799 3497 2144 3566 reipublicae
2171 3495 2517 3556 Christianae

409 3586 465 3643 in
511 3602 674 3658 reges
720 3589 1012 3658 potestate.
1066 3587 1248 3652 1590);
1305 3583 1625 3639 Boucher
1671 3583 1687 3654 (
1703 3585 1785 3640 De
1816 3583 1966 3652 justa
2003 3584 2222 3640 Henrici
2258 3583 2331 3639 lll
2362 3584 2518 3641 abdi·

407 3677 628 3731 catione
666 3693 697 3730 a
735 3675 1074 3730 Francorum
1111 3689 1304 3743 regno.
1346 3674 1542 3740 1589);
1582 3672 1867 3742 Barolay
1904 3671 2006 3743 (De
2043 3688 2219 3744 regno
2257 3677 2314 3730 et
2349 3675 2516 3746 regali

408 3769 682 3834 potestate
721 3763 991 3819 adversus
1029 3760 1456 3830 Buchananum,
1493 3761 1744 3830 Brutum,
1782 3760 2138 3817 Boucherum
2177 3768 2232 3817 et
2264 3763 2518 3835 reliquos

410 3851 969 3909 monarchomachOS.
1011 3854 1203 3917 1600›;
1253 3851 1544 3906 Mariana
1580 3851 1688 3919 (De
1724 3865 1859 3919 rege
1896 3854 1952 3904 et
1986 3850 2134 3921 regis
2170 3851 2517 3908 institutione

413 3939 602 4008 1599„
639 3939 905 3996 Hooker
930 3938 1364 4006 (Ecclesiastical
1389 3939 1582 4012 Polity.
1612 3939 1789 4010 1590);
1827 3937 2105 4009 Lipsius
2133 3940 2515 4009 (Politicorum

412 4027 533 4082 libri
580 4035 739 4097 sex);
794 4029 1048 4083 Botero
1102 4027 1380 4098 (Ragione
1428 4027 1499 4083 de
1543 4033 1706 4084 stato,
1759 4028 1952 4094 1589„
2014 4028 2220 4084 Paolo
2269 4028 2515 4083 Paruta

412 4114 688 4183 (Discorsi
733 4116 957 4187 politici.
1014 4117 1237 4173 Venice.
1296 4114 1462 4188 1599)
1523 4117 1838 4172 Danaeus
1897 4114 2150 4187 (Politice
2193 4114 2513 4170 Christiana.

416 4202 659 4272 Lugdini.
698 4207 885 4272 1606);
927 4203 1326 4260 Menochius
1361 4201 1762 4276 (Institutiones
1799 4203 2093 4274 politicae).
