2998 4863
1289 361 1727 428 ...59-

521 536 809 603 cundum
850 544 972 617 est,
1016 535 1193 622 quod
1239 536 1355 601 nisi
1400 546 1696 623 prompta
1741 534 1904 600 haec
1933 554 1972 600 a
2002 534 2538 604 foenerationibus

523 652 934 739 pecuniarum
977 650 1284 715 mutuatio
1317 647 1643 714 hominum
1672 647 2162 716 necessitatibus
2193 649 2542 733 obveniret,

524 765 588 830 in
646 775 963 832 extremas
1006 765 1330 852 angustias
1376 764 1502 830 cito
1546 762 1992 852 redigerentur
2035 784 2143 830 res
2185 784 2338 831 suas
2386 767 2542 854 (sive

523 877 695 945 bona
749 878 1009 945 mobilia
1062 880 1341 957 fuerunt,
1396 879 1531 944 sive
1587 878 1876 969 praedia)
1938 879 2122 944 nimis
2177 879 2281 947 vili
2337 882 2544 969 pretio

525 993 836 1061 vendere:
894 994 1142 1081 itaque,
1200 992 1317 1061 ubi
1373 993 1600 1060 foenus
1644 992 1815 1059 rodit
1858 1003 2129 1073 tantum,
2185 993 2545 1062 distractio-

523 1129 638 1175 nes
679 1127 1160 1197 praeproperae
1205 1109 1456 1197 penitus
1503 1106 1945 1177 absorberent.
2031 1109 2193 1174 Nam
2238 1120 2546 1197 quantum

522 1223 607 1289 ad
639 1223 1214 1313 oppignerationeS,
1259 1233 1370 1290 aut
1410 1242 1508 1303 ea,
1556 1242 1727 1311 quae
1760 1243 1799 1289 a
1833 1224 2289 1290 Jurec-onsultis
2320 1225 2535 1313 appel-

517 1339 728 1405 lantur
783 1349 1037 1405 mortua
1090 1340 1304 1422 vadia,
1360 1338 1510 1405 huic
1566 1347 1745 1404 certe
1799 1336 1971 1402 malo
2029 1336 2392 1403 remedium
2446 1338 2548 1405 vix

521 1452 940 1521 exhibebunt:
992 1456 1055 1522 .si
1113 1454 1379 1545 quidem
1434 1464 1545 1518 aut
1603 1471 1684 1518 ea
1739 1472 2005 1540 prorsus
2062 1471 2191 1516 non
2237 1451 2551 1539 accipient

520 1567 812 1635 homines
870 1571 1007 1638 sine
1064 1570 1357 1649 soenore;
1415 1578 1527 1634 aut
1580 1567 1636 1632 si
1691 1566 2033 1654 accipiant,
2090 1564 2403 1631 solutione
2464 1562 2551 1631 ad

516 1681 693 1750 diem
744 1686 1003 1752 minime
1065 1685 1399 1772 praestita,
1468 1702 1722 1750 summo
1772 1682 1921 1770 jure
1977 1689 2182 1770 agent.
2283 1678 2551 1757 Memini,

518 1800 942 1884 pecuniosum
1011 1798 1364 1883 quendam,
1427 1798 1636 1862 virum
1700 1794 1958 1876 durum,
2027 1815 2177 1860 rure
2234 1803 2552 1881 agentem,

526 1911 639 1996 qui
684 1909 937 1974 solebat
980 1906 1233 1973 dicere:
1311 1910 1381 1971 ln
1424 1907 1661 1972 malam
1707 1926 1967 1973 crucem
2013 1906 2206 1972 abeat
2248 1908 2368 1971 ista
2412 1906 2549 1973 foe-

523 2021 804 2101 nerati03
852 2019 1314 2109 impedimento
1361 2031 1475 2102 est,
1524 2041 1654 2109 quo
1695 2019 1903 2086 minus
1932 2021 2273 2108 pignorum
2304 2028 2369 2085 et
2390 2018 2551 2085 obli-

524 2136 847 2224 gationum
877 2156 1125 2225 poenas
1157 2137 1411 2224 exigere
1449 2136 1793 2224 possimus
1859 2136 2135 2202 Tertium
2163 2144 2230 2202 et
2258 2135 2550 2202 ultimum

523 2248 650 2315 hoc
709 2260 834 2316 est:
891 2269 1098 2338 nugas
1142 2269 1358 2317 meras
1402 2250 1567 2332 dice,
1612 2251 1668 2317 si
1713 2250 1858 2339 quis
1917 2251 2253 2334 existimet,
2299 2260 2551 2317 mutua-

520 2364 762 2430 tionem
804 2365 1224 2454 pecuniarum
1268 2366 1540 2447 facilem,
1585 2385 1711 2434 non
1759 2364 2043 2434 admisso
2083 2365 2365 2448 foenore,
2410 2365 2551 2433 fieri

519 2499 744 2569 posse:
803 2501 1020 2570 neque
1077 2501 1301 2548 rursus
1361 2482 1507 2571 quis
1551 2483 1765 2549 animo
1810 2482 2400 2570 comprehenderit,
2453 2484 2550 2550 in·-

516 2615 804 2675 numera,
850 2615 1023 2685 quae
1067 2606 1439 2686 sequentur,
1478 2596 1671 2677 mala,
1715 2598 1770 2664 si
1818 2608 2181 2665 contractus
2226 2599 2313 2664 illi
2350 2597 2550 2664 mutui

518 2710 649 2777 dati
695 2727 761 2779 et
806 2714 1056 2801 accepti
1099 2712 1557 2780 convellantur:
1625 2713 1849 2802 ltaque
1882 2713 1966 2781 de
1998 2713 2335 2781 abolendis
2363 2735 2548 2802 pror-

518 2846 630 2891 sus
659 2826 879 2892 Usuris
914 2847 1256 2894 sermones
1300 2828 1520 2894 facere
1560 2829 1846 2915 ineptum
1877 2829 2056 2894 foret.
2120 2825 2547 2914 Respublicae

520 2957 765 3017 omneS,
811 2959 930 3026 pro
979 2938 1232 3007 diversa
1273 2949 1491 3006 tamen
1538 2940 1623 3004 ad
1669 2950 1911 3005 sortem
1956 2940 2231 3023 ratione,
2289 2960 2402 3006 eas
2448 2951 2548 3005 to-

523 3052 755 3134 lerant;
812 3052 983 3119 adeo
1041 3062 1111 3120 ut
1154 3053 1367 3142 opinio
1425 3054 1533 3120 illa
1587 3055 1651 3119 in
1697 3053 1989 3141 Utopiam
2041 3054 2329 3141 protinus
2375 3053 2547 3119 rele-

523 3167 735 3256 ganda
755 3174 877 3257 1⁰⁴).

657 3284 992 3363 „Dicamus
1027 3285 1167 3374 jam
1210 3283 1298 3353 de
1342 3284 1796 3353 reformatione
1841 3295 1907 3351 et
1935 3304 2161 3351 norma
2186 3305 2546 3355 usurarum.

526 3398 782 3487 Quibus
816 3399 1111 3490 nimirum
1155 3400 1382 3480 modiS,
1428 3399 1838 3468 incommoda
1883 3420 2105 3467 earum
2152 3401 2391 3487 optime
2418 3401 2550 3466 evi-

524 3525 765 3596 tentur,
819 3513 1159 3582 commoda
1203 3516 1614 3581 retineantur.
1717 3517 1898 3582 Patet
1935 3516 2101 3602 jam,
2159 3513 2552 3580 conserendo

526 3633 689 3699 inter
745 3630 1085 3698 commoda
1144 3642 1210 3697 et
1253 3629 1663 3697 incommoda
1707 3649 2074 3708 usurarum,
2133 3627 2310 3717 quod
2355 3627 2551 3697 modo

527 3747 821 3827 fecimus,
876 3744 1006 3813 duo
1066 3767 1241 3826 esse,
1298 3765 1466 3834 quae
1520 3744 1939 3813 reconciliare
1984 3755 2248 3835 oportet.
2353 3745 2551 3824 Prius,

582 4009 703 4121 io4)
739 4049 800 4105 In
846 4050 1093 4106 Thomae
1130 4050 1266 4106 Mori
1305 4049 1504 4121 Utopia
1538 4051 1735 4120 multa,
1774 4067 1920 4122 quae
1968 4052 2080 4107 huc
2117 4051 2422 4121 pertinent,
2472 4048 2552 4101 in-

440 4134 757 4193 veniuntur.
837 4136 898 4196 Α.
940 4140 1079 4197 1516
1120 4139 1303 4209 primo
1340 4138 1580 4194 Londini
1616 4137 1839 4210 prodiit.
1913 4140 2051 4195 Vide
2096 4138 2302 4194 Hallam
2348 4134 2546 4192 introd.

441 4227 545 4281 etc.
583 4254 653 4264 —
688 4223 807 4282 Vol.
846 4226 883 4285 1.
921 4226 1082 4297 chap.
1119 4225 1206 4283 lv.
1245 4226 1296 4298 ἓ.
1333 4229 1419 4286 36.
1456 4243 1514 4299 p.
1543 4231 1672 4287 389.
