<?xml version="1.0" encoding="UTF-8"?>
<!DOCTYPE html PUBLIC "-//W3C//DTD XHTML 1.0 Transitional//EN"
    "http://www.w3.org/TR/xhtml1/DTD/xhtml1-transitional.dtd">
<html xmlns="http://www.w3.org/1999/xhtml" xml:lang="en" lang="en">
 <head>
  <title>
</title>
<meta http-equiv="Content-Type" content="text/html;charset=utf-8" />
  <meta name='ocr-system' content='tesseract 3.04.00' />
  <meta name='ocr-capabilities' content='ocr_page ocr_carea ocr_par ocr_line ocrx_word'/>
</head>
<body>
  <div class='ocr_page' id='page_1' title='image "./defranciscibaco00friegoog_0088.png"; bbox 0 0 2998 4863; ppageno 0'>
   <div class='ocr_carea' id='block_1_1' title="bbox 1269 342 1695 407">
    <p class='ocr_par' dir='ltr' id='par_1_1' title="bbox 1269 342 1695 407">
     <span class='ocr_line' id='line_1_1' title="bbox 1269 342 1695 407; baseline -0.016 -14"><span class='ocrx_word' id='word_1_1' title='bbox 1269 342 1695 407; x_wconf 70' lang='lat'><em>...73-</em></span> 
     </span>
    </p>
   </div>
   <div class='ocr_carea' id='block_1_2' title="bbox 367 512 2555 4277">
    <p class='ocr_par' dir='ltr' id='par_1_2' title="bbox 435 512 2529 833">
     <span class='ocr_line' id='line_1_2' title="bbox 435 512 2526 595; baseline -0.002 -11"><span class='ocrx_word' id='word_1_2' title='bbox 435 539 595 584; x_wconf 90' lang='lat' dir='ltr'>sum</span> <span class='ocrx_word' id='word_1_3' title='bbox 666 515 969 595; x_wconf 88' lang='lat' dir='ltr'>orbem;</span> <span class='ocrx_word' id='word_1_4' title='bbox 1046 516 1188 582; x_wconf 76' lang='lat' dir='ltr'>se‘d</span> <span class='ocrx_word' id='word_1_5' title='bbox 1257 527 1533 582; x_wconf 85' lang='lat' dir='ltr'>contra</span> <span class='ocrx_word' id='word_1_6' title='bbox 1599 512 1861 579; x_wconf 86' lang='lat' dir='ltr'>orbem</span> <span class='ocrx_word' id='word_1_7' title='bbox 1930 513 2382 579; x_wconf 87' lang='lat' dir='ltr'>universum</span> <span class='ocrx_word' id='word_1_8' title='bbox 2445 532 2526 579; x_wconf 86' lang='lat' dir='ltr'>se</span> 
     </span>
     <span class='ocr_line' id='line_1_3' title="bbox 436 627 2529 718; baseline -0.003 -21"><span class='ocrx_word' id='word_1_9' title='bbox 436 631 861 698; x_wconf 79' lang='lat' dir='ltr'><strong>diffudisse</strong></span> <span class='ocrx_word' id='word_1_10' title='bbox 918 652 1159 718; x_wconf 85' lang='lat' dir='ltr'>super</span> <span class='ocrx_word' id='word_1_11' title='bbox 1213 631 1631 709; x_wconf 87' lang='lat' dir='ltr'>Romanos;</span> <span class='ocrx_word' id='word_1_12' title='bbox 1700 647 1865 715; x_wconf 85' lang='lat' dir='ltr'>quae</span> <span class='ocrx_word' id='word_1_13' title='bbox 1924 627 2330 694; x_wconf 86' lang='lat' dir='ltr'>securissima</span> <span class='ocrx_word' id='word_1_14' title='bbox 2387 646 2529 713; x_wconf 81' lang='lat' dir='ltr'>pro·</span> 
     </span>
     <span class='ocr_line' id='line_1_4' title="bbox 436 746 1374 833; baseline -0.003 -21"><span class='ocrx_word' id='word_1_15' title='bbox 436 747 682 815; x_wconf 83' lang='lat' dir='ltr'>serendi</span> <span class='ocrx_word' id='word_1_16' title='bbox 730 747 977 833; x_wconf 90' lang='lat' dir='ltr'>imperii</span> <span class='ocrx_word' id='word_1_17' title='bbox 1026 758 1124 812; x_wconf 90' lang='lat' dir='ltr'>est</span> <span class='ocrx_word' id='word_1_18' title='bbox 1167 746 1374 810; x_wconf 87' lang='lat' dir='ltr'>ratio.“</span> 
     </span>
    </p>

    <p class='ocr_par' dir='ltr' id='par_1_3' title="bbox 435 854 2537 1291">
     <span class='ocr_line' id='line_1_5' title="bbox 607 854 2534 945; baseline -0.004 -18"><span class='ocrx_word' id='word_1_19' title='bbox 607 864 776 927; x_wconf 90' lang='lat' dir='ltr'>Baco</span> <span class='ocrx_word' id='word_1_20' title='bbox 830 873 1008 926; x_wconf 91' lang='lat' dir='ltr'>recte</span> <span class='ocrx_word' id='word_1_21' title='bbox 1072 860 1371 925; x_wconf 77' lang='lat' dir='ltr'>intellexit</span> <span class='ocrx_word' id='word_1_22' title='bbox 1437 857 1707 945; x_wconf 89' lang='lat' dir='ltr'>populos</span> <span class='ocrx_word' id='word_1_23' title='bbox 1775 868 2070 923; x_wconf 83' lang='lat' dir='ltr'>externos</span> <span class='ocrx_word' id='word_1_24' title='bbox 2136 854 2258 922; x_wconf 90' lang='lat' dir='ltr'>sub</span> <span class='ocrx_word' id='word_1_25' title='bbox 2327 855 2534 920; x_wconf 91' lang='lat' dir='ltr'>alieno</span> 
     </span>
     <span class='ocr_line' id='line_1_6' title="bbox 437 969 2537 1065; baseline -0.004 -22"><span class='ocrx_word' id='word_1_26' title='bbox 437 978 702 1065; x_wconf 91' lang='lat' dir='ltr'>imperio</span> <span class='ocrx_word' id='word_1_27' title='bbox 749 978 830 1041; x_wconf 91' lang='lat' dir='ltr'>ita</span> <span class='ocrx_word' id='word_1_28' title='bbox 877 987 1116 1041; x_wconf 89' lang='lat' dir='ltr'>tantum</span> <span class='ocrx_word' id='word_1_29' title='bbox 1165 976 1365 1041; x_wconf 89' lang='lat' dir='ltr'>teneri</span> <span class='ocrx_word' id='word_1_30' title='bbox 1414 993 1635 1060; x_wconf 87' lang='lat' dir='ltr'>posse,</span> <span class='ocrx_word' id='word_1_31' title='bbox 1704 985 1770 1038; x_wconf 91' lang='lat' dir='ltr'>ut</span> <span class='ocrx_word' id='word_1_32' title='bbox 1815 974 1877 1037; x_wconf 91' lang='lat' dir='ltr'>in</span> <span class='ocrx_word' id='word_1_33' title='bbox 1916 971 2074 1060; x_wconf 88' lang='lat' dir='ltr'>juris</span> <span class='ocrx_word' id='word_1_34' title='bbox 2120 982 2184 1036; x_wconf 90' lang='lat' dir='ltr'>et</span> <span class='ocrx_word' id='word_1_35' title='bbox 2228 969 2537 1036; x_wconf 81' lang='lat' dir='ltr'><strong>libertatis</strong></span> 
     </span>
     <span class='ocr_line' id='line_1_7' title="bbox 435 1086 2537 1180; baseline -0.004 -23"><span class='ocrx_word' id='word_1_36' title='bbox 435 1093 979 1180; x_wconf 81' lang='lat' dir='ltr'>participationem</span> <span class='ocrx_word' id='word_1_37' title='bbox 1036 1099 1440 1168; x_wconf 81' lang='lat' dir='ltr'>vocarentur3</span> <span class='ocrx_word' id='word_1_38' title='bbox 1509 1088 1629 1153; x_wconf 90' lang='lat' dir='ltr'>hac</span> <span class='ocrx_word' id='word_1_39' title='bbox 1684 1089 1844 1176; x_wconf 88' lang='lat' dir='ltr'>juris</span> <span class='ocrx_word' id='word_1_40' title='bbox 1901 1099 1966 1153; x_wconf 92' lang='lat' dir='ltr'>et</span> <span class='ocrx_word' id='word_1_41' title='bbox 2008 1086 2313 1153; x_wconf 80' lang='lat' dir='ltr'>libertatis</span> <span class='ocrx_word' id='word_1_42' title='bbox 2359 1105 2537 1150; x_wconf 85' lang='lat' dir='ltr'>oom-</span> 
     </span>
     <span class='ocr_line' id='line_1_8' title="bbox 437 1203 1779 1291; baseline -0.003 -21"><span class='ocrx_word' id='word_1_43' title='bbox 437 1206 738 1270; x_wconf 90' lang='lat' dir='ltr'>munitate</span> <span class='ocrx_word' id='word_1_44' title='bbox 786 1204 1079 1272; x_wconf 85' lang='lat' dir='ltr'>diversae</span> <span class='ocrx_word' id='word_1_45' title='bbox 1124 1205 1356 1291; x_wconf 85' lang='lat' dir='ltr'>stirpes</span> <span class='ocrx_word' id='word_1_46' title='bbox 1401 1203 1779 1270; x_wconf 89' lang='lat' dir='ltr'>coalescunt.</span> 
     </span>
    </p>

    <p class='ocr_par' dir='ltr' id='par_1_4' title="bbox 367 1313 2555 4277">
     <span class='ocr_line' id='line_1_9' title="bbox 615 1313 2540 1407; baseline -0.005 -22"><span class='ocrx_word' id='word_1_47' title='bbox 615 1320 841 1386; x_wconf 91' lang='lat' dir='ltr'>Omnia</span> <span class='ocrx_word' id='word_1_48' title='bbox 887 1332 1098 1386; x_wconf 90' lang='lat' dir='ltr'>autem</span> <span class='ocrx_word' id='word_1_49' title='bbox 1148 1339 1316 1407; x_wconf 90' lang='lat' dir='ltr'>quae</span> <span class='ocrx_word' id='word_1_50' title='bbox 1355 1321 1524 1385; x_wconf 88' lang='lat' dir='ltr'>Baco</span> <span class='ocrx_word' id='word_1_51' title='bbox 1571 1317 1654 1383; x_wconf 91' lang='lat' dir='ltr'>de</span> <span class='ocrx_word' id='word_1_52' title='bbox 1701 1314 2103 1406; x_wconf 85' lang='lat' dir='ltr'>proferendis</span> <span class='ocrx_word' id='word_1_53' title='bbox 2149 1313 2377 1380; x_wconf 85' lang='lat' dir='ltr'>finibus</span> <span class='ocrx_word' id='word_1_54' title='bbox 2420 1314 2540 1377; x_wconf 85' lang='lat' dir='ltr'>im-</span> 
     </span>
     <span class='ocr_line' id='line_1_10' title="bbox 439 1429 2540 1523; baseline -0.004 -22"><span class='ocrx_word' id='word_1_55' title='bbox 439 1435 599 1523; x_wconf 88' lang='lat' dir='ltr'>perii</span> <span class='ocrx_word' id='word_1_56' title='bbox 661 1435 946 1516; x_wconf 90' lang='lat' dir='ltr'>disserit,</span> <span class='ocrx_word' id='word_1_57' title='bbox 1007 1454 1268 1522; x_wconf 83' lang='lat' dir='ltr'>semper</span> <span class='ocrx_word' id='word_1_58' title='bbox 1323 1441 1702 1499; x_wconf 83' lang='lat' dir='ltr'>revocantur</span> <span class='ocrx_word' id='word_1_59' title='bbox 1757 1430 1842 1496; x_wconf 90' lang='lat' dir='ltr'>ad</span> <span class='ocrx_word' id='word_1_60' title='bbox 1886 1430 2009 1497; x_wconf 87' lang='lat' dir='ltr'>hoc</span> <span class='ocrx_word' id='word_1_61' title='bbox 2057 1429 2412 1507; x_wconf 87' lang='lat' dir='ltr'>consilium,</span> <span class='ocrx_word' id='word_1_62' title='bbox 2472 1439 2540 1493; x_wconf 92' lang='lat' dir='ltr'>ut</span> 
     </span>
     <span class='ocr_line' id='line_1_11' title="bbox 439 1546 2541 1637; baseline -0.002 -22"><span class='ocrx_word' id='word_1_63' title='bbox 439 1550 694 1637; x_wconf 90' lang='lat' dir='ltr'>spiritus</span> <span class='ocrx_word' id='word_1_64' title='bbox 765 1550 1067 1615; x_wconf 88' lang='lat' dir='ltr'>militares</span> <span class='ocrx_word' id='word_1_65' title='bbox 1134 1546 1351 1635; x_wconf 91' lang='lat' dir='ltr'>populi</span> <span class='ocrx_word' id='word_1_66' title='bbox 1418 1547 1667 1612; x_wconf 86' lang='lat' dir='ltr'>alantur</span> <span class='ocrx_word' id='word_1_67' title='bbox 1734 1556 1798 1612; x_wconf 89' lang='lat' dir='ltr'>et</span> <span class='ocrx_word' id='word_1_68' title='bbox 1863 1556 2228 1633; x_wconf 83' lang='lat' dir='ltr'>augeantur.</span> <span class='ocrx_word' id='word_1_69' title='bbox 2329 1547 2541 1624; x_wconf 81' lang='lat' dir='ltr'>Quare</span> 
     </span>
     <span class='ocr_line' id='line_1_12' title="bbox 439 1656 2544 1750; baseline -0.003 -21"><span class='ocrx_word' id='word_1_70' title='bbox 439 1663 778 1750; x_wconf 85' lang='lat' dir='ltr'>praecipit,</span> <span class='ocrx_word' id='word_1_71' title='bbox 837 1675 901 1727; x_wconf 91' lang='lat' dir='ltr'>ut</span> <span class='ocrx_word' id='word_1_72' title='bbox 947 1673 1150 1740; x_wconf 88' lang='lat' dir='ltr'>„artes</span> <span class='ocrx_word' id='word_1_73' title='bbox 1196 1661 1635 1739; x_wconf 88' lang='lat' dir='ltr'>mechanicae,</span> <span class='ocrx_word' id='word_1_74' title='bbox 1681 1676 1851 1749; x_wconf 88' lang='lat' dir='ltr'>quae</span> <span class='ocrx_word' id='word_1_75' title='bbox 1896 1678 2022 1724; x_wconf 89' lang='lat' dir='ltr'>non</span> <span class='ocrx_word' id='word_1_76' title='bbox 2067 1658 2188 1724; x_wconf 91' lang='lat' dir='ltr'>sub</span> <span class='ocrx_word' id='word_1_77' title='bbox 2233 1659 2381 1738; x_wconf 91' lang='lat' dir='ltr'>Dio,</span> <span class='ocrx_word' id='word_1_78' title='bbox 2425 1656 2544 1724; x_wconf 88' lang='lat' dir='ltr'>sed</span> 
     </span>
     <span class='ocr_line' id='line_1_13' title="bbox 439 1773 2545 1866; baseline -0.001 -25"><span class='ocrx_word' id='word_1_79' title='bbox 439 1775 560 1841; x_wconf 83' lang='lat' dir='ltr'>sub</span> <span class='ocrx_word' id='word_1_80' title='bbox 606 1786 776 1842; x_wconf 91' lang='lat' dir='ltr'>tecto</span> <span class='ocrx_word' id='word_1_81' title='bbox 822 1789 1204 1844; x_wconf 86' lang='lat' dir='ltr'>exercentur</span> <span class='ocrx_word' id='word_1_82' title='bbox 1249 1789 1443 1866; x_wconf 87' lang='lat' dir='ltr'>atque</span> <span class='ocrx_word' id='word_1_83' title='bbox 1487 1778 1964 1842; x_wconf 81' lang='lat' dir='ltr'>manufacturae</span> <span class='ocrx_word' id='word_1_84' title='bbox 1995 1773 2327 1860; x_wconf 87' lang='lat' dir='ltr'>delicatae,</span> <span class='ocrx_word' id='word_1_85' title='bbox 2374 1794 2545 1862; x_wconf 90' lang='lat' dir='ltr'>quae</span> 
     </span>
     <span class='ocr_line' id='line_1_14' title="bbox 441 1888 2545 1981; baseline -0.002 -25"><span class='ocrx_word' id='word_1_86' title='bbox 441 1889 704 1978; x_wconf 83' lang='lat' dir='ltr'>digitum</span> <span class='ocrx_word' id='word_1_87' title='bbox 775 1894 988 1979; x_wconf 89' lang='lat' dir='ltr'>potius</span> <span class='ocrx_word' id='word_1_88' title='bbox 1057 1913 1252 1981; x_wconf 87' lang='lat' dir='ltr'>quam</span> <span class='ocrx_word' id='word_1_89' title='bbox 1320 1891 1652 1958; x_wconf 90' lang='lat' dir='ltr'>brachium</span> <span class='ocrx_word' id='word_1_90' title='bbox 1726 1890 2099 1977; x_wconf 83' lang='lat' dir='ltr'>requirunt“</span> <span class='ocrx_word' id='word_1_91' title='bbox 2177 1888 2545 1977; x_wconf 88' lang='lat' dir='ltr'>alienigenis</span> 
     </span>
     <span class='ocr_line' id='line_1_15' title="bbox 440 2000 2547 2098; baseline -0.001 -28"><span class='ocrx_word' id='word_1_92' title='bbox 440 2016 682 2072; x_wconf 89' lang='lat' dir='ltr'>tantum</span> <span class='ocrx_word' id='word_1_93' title='bbox 726 2009 1192 2098; x_wconf 86' lang='lat' dir='ltr'>permittantur,</span> <span class='ocrx_word' id='word_1_94' title='bbox 1263 2007 1371 2096; x_wconf 89' lang='lat' dir='ltr'>qui</span> <span class='ocrx_word' id='word_1_95' title='bbox 1419 2016 1763 2093; x_wconf 88' lang='lat' dir='ltr'>propterea</span> <span class='ocrx_word' id='word_1_96' title='bbox 1808 2000 2124 2071; x_wconf 83' lang='lat' dir='ltr'>alliciendi</span> <span class='ocrx_word' id='word_1_97' title='bbox 2169 2016 2276 2070; x_wconf 87' lang='lat' dir='ltr'>aut</span> <span class='ocrx_word' id='word_1_98' title='bbox 2318 2005 2547 2070; x_wconf 81' lang='lat' dir='ltr'>saltem</span> 
     </span>
     <span class='ocr_line' id='line_1_16' title="bbox 440 2119 2549 2211; baseline -0 -26"><span class='ocrx_word' id='word_1_99' title='bbox 440 2120 624 2186; x_wconf 78' lang='lat' dir='ltr'>facile</span> <span class='ocrx_word' id='word_1_100' title='bbox 693 2123 1044 2211; x_wconf 89' lang='lat' dir='ltr'>recipiendi</span> <span class='ocrx_word' id='word_1_101' title='bbox 1109 2125 1247 2189; x_wconf 89' lang='lat' dir='ltr'>sint.</span> <span class='ocrx_word' id='word_1_102' title='bbox 1349 2125 1424 2186; x_wconf 87' lang='lat' dir='ltr'>At</span> <span class='ocrx_word' id='word_1_103' title='bbox 1482 2119 1793 2208; x_wconf 84' lang='lat' dir='ltr'>indigenis</span> <span class='ocrx_word' id='word_1_104' title='bbox 1850 2136 1962 2185; x_wconf 88' lang='lat' dir='ltr'>eas</span> <span class='ocrx_word' id='word_1_105' title='bbox 2018 2130 2189 2185; x_wconf 88' lang='lat' dir='ltr'>artes</span> <span class='ocrx_word' id='word_1_106' title='bbox 2258 2119 2549 2200; x_wconf 86' lang='lat' dir='ltr'>destinat,</span> 
     </span>
     <span class='ocr_line' id='line_1_17' title="bbox 441 2234 2549 2323; baseline -0.001 -23"><span class='ocrx_word' id='word_1_107' title='bbox 441 2255 712 2323; x_wconf 88' lang='lat' dir='ltr'>quarum</span> <span class='ocrx_word' id='word_1_108' title='bbox 759 2257 959 2323; x_wconf 88' lang='lat' dir='ltr'>opera</span> <span class='ocrx_word' id='word_1_109' title='bbox 1006 2237 1203 2303; x_wconf 88' lang='lat' dir='ltr'>robur</span> <span class='ocrx_word' id='word_1_110' title='bbox 1249 2249 1313 2303; x_wconf 91' lang='lat' dir='ltr'>et</span> <span class='ocrx_word' id='word_1_111' title='bbox 1373 2237 1646 2301; x_wconf 90' lang='lat' dir='ltr'>lacertos</span> <span class='ocrx_word' id='word_1_112' title='bbox 1704 2235 1912 2300; x_wconf 89' lang='lat' dir='ltr'>viriles</span> <span class='ocrx_word' id='word_1_113' title='bbox 1971 2235 2303 2323; x_wconf 89' lang='lat' dir='ltr'>postulant.</span> <span class='ocrx_word' id='word_1_114' title='bbox 2391 2234 2549 2313; x_wconf 84' lang='lat' dir='ltr'>Vult,</span> 
     </span>
     <span class='ocr_line' id='line_1_18' title="bbox 441 2348 2548 2438; baseline -0.001 -24"><span class='ocrx_word' id='word_1_115' title='bbox 441 2361 511 2414; x_wconf 89' lang='lat' dir='ltr'>ut</span> <span class='ocrx_word' id='word_1_116' title='bbox 567 2370 726 2436; x_wconf 79' lang='lat' dir='ltr'>gens</span> <span class='ocrx_word' id='word_1_117' title='bbox 768 2350 1046 2417; x_wconf 89' lang='lat' dir='ltr'>studium</span> <span class='ocrx_word' id='word_1_118' title='bbox 1103 2372 1423 2417; x_wconf 91' lang='lat' dir='ltr'>armorum</span> <span class='ocrx_word' id='word_1_119' title='bbox 1478 2348 1875 2438; x_wconf 87' lang='lat' dir='ltr'>profiteatur,</span> <span class='ocrx_word' id='word_1_120' title='bbox 1943 2360 2286 2438; x_wconf 88' lang='lat' dir='ltr'>„tanquam</span> <span class='ocrx_word' id='word_1_121' title='bbox 2345 2348 2548 2414; x_wconf 84' lang='lat' dir='ltr'>decus</span> 
     </span>
     <span class='ocr_line' id='line_1_19' title="bbox 442 2464 2548 2555; baseline -0.001 -25"><span class='ocrx_word' id='word_1_122' title='bbox 442 2486 630 2530; x_wconf 89' lang='lat' dir='ltr'>suum</span> <span class='ocrx_word' id='word_1_123' title='bbox 680 2477 744 2530; x_wconf 89' lang='lat' dir='ltr'>et</span> <span class='ocrx_word' id='word_1_124' title='bbox 789 2466 1134 2533; x_wconf 89' lang='lat' dir='ltr'>institutum</span> <span class='ocrx_word' id='word_1_125' title='bbox 1182 2469 1345 2533; x_wconf 89' lang='lat' dir='ltr'>vitae</span> <span class='ocrx_word' id='word_1_126' title='bbox 1393 2466 1757 2555; x_wconf 86' lang='lat' dir='ltr'>primarium</span> <span class='ocrx_word' id='word_1_127' title='bbox 1805 2476 1870 2530; x_wconf 89' lang='lat' dir='ltr'>et</span> <span class='ocrx_word' id='word_1_128' title='bbox 1913 2465 2260 2553; x_wconf 87' lang='lat' dir='ltr'>praecipuo</span> <span class='ocrx_word' id='word_1_129' title='bbox 2305 2464 2548 2529; x_wconf 69' lang='lat' dir='ltr'>honore</span> 
     </span>
     <span class='ocr_line' id='line_1_20' title="bbox 443 2577 2545 2669; baseline 0 -27"><span class='ocrx_word' id='word_1_130' title='bbox 443 2577 779 2644; x_wconf 87' lang='lat' dir='ltr'>hahitum.“</span> <span class='ocrx_word' id='word_1_131' title='bbox 868 2582 1210 2648; x_wconf 88' lang='lat' dir='ltr'>Praeterea</span> <span class='ocrx_word' id='word_1_132' title='bbox 1255 2595 1322 2647; x_wconf 91' lang='lat' dir='ltr'>ut</span> <span class='ocrx_word' id='word_1_133' title='bbox 1377 2580 1745 2669; x_wconf 88' lang='lat' dir='ltr'>respublica</span> <span class='ocrx_word' id='word_1_134' title='bbox 1790 2577 2014 2644; x_wconf 89' lang='lat' dir='ltr'>habilis</span> <span class='ocrx_word' id='word_1_135' title='bbox 2061 2577 2143 2644; x_wconf 89' lang='lat' dir='ltr'>ad</span> <span class='ocrx_word' id='word_1_136' title='bbox 2189 2579 2350 2646; x_wconf 88' lang='lat' dir='ltr'>fines</span> <span class='ocrx_word' id='word_1_137' title='bbox 2395 2597 2545 2666; x_wconf 81' lang='lat' dir='ltr'>pro-</span> 
     </span>
     <span class='ocr_line' id='line_1_21' title="bbox 446 2691 2549 2782; baseline 0.001 -27"><span class='ocrx_word' id='word_1_138' title='bbox 446 2691 774 2770; x_wconf 81' lang='lat' dir='ltr'>ferendos,</span> <span class='ocrx_word' id='word_1_139' title='bbox 846 2694 919 2759; x_wconf 91' lang='lat' dir='ltr'>iis</span> <span class='ocrx_word' id='word_1_140' title='bbox 987 2694 1238 2782; x_wconf 79' lang='lat' dir='ltr'>legibus</span> <span class='ocrx_word' id='word_1_141' title='bbox 1306 2708 1369 2761; x_wconf 92' lang='lat' dir='ltr'>et</span> <span class='ocrx_word' id='word_1_142' title='bbox 1435 2691 2002 2761; x_wconf 81' lang='lat' dir='ltr'>consuetudinibus</span> <span class='ocrx_word' id='word_1_143' title='bbox 2072 2706 2279 2760; x_wconf 90' lang='lat' dir='ltr'>utatur</span> <span class='ocrx_word' id='word_1_144' title='bbox 2344 2712 2549 2782; x_wconf 88' lang='lat' dir='ltr'>„quae</span> 
     </span>
     <span class='ocr_line' id='line_1_22' title="bbox 438 2805 2550 2899; baseline -0 -27"><span class='ocrx_word' id='word_1_145' title='bbox 438 2810 646 2895; x_wconf 86' lang='lat' dir='ltr'>justas</span> <span class='ocrx_word' id='word_1_146' title='bbox 689 2807 776 2873; x_wconf 89' lang='lat' dir='ltr'>illi</span> <span class='ocrx_word' id='word_1_147' title='bbox 824 2828 1051 2875; x_wconf 86' lang='lat' dir='ltr'>causas</span> <span class='ocrx_word' id='word_1_148' title='bbox 1098 2821 1206 2875; x_wconf 88' lang='lat' dir='ltr'>aut</span> <span class='ocrx_word' id='word_1_149' title='bbox 1251 2811 1477 2877; x_wconf 89' lang='lat' dir='ltr'>saltem</span> <span class='ocrx_word' id='word_1_150' title='bbox 1523 2818 1890 2899; x_wconf 83' lang='lat' dir='ltr'>praetextus</span> <span class='ocrx_word' id='word_1_151' title='bbox 1936 2827 2114 2873; x_wconf 89' lang='lat' dir='ltr'>arma</span> <span class='ocrx_word' id='word_1_152' title='bbox 2169 2805 2550 2897; x_wconf 84' lang='lat' dir='ltr'>capessendi</span> 
     </span>
     <span class='ocr_line' id='line_1_23' title="bbox 446 2920 2552 3013; baseline 0 -26"><span class='ocrx_word' id='word_1_153' title='bbox 446 2934 747 3011; x_wconf 86' lang='lat' dir='ltr'>tanquam</span> <span class='ocrx_word' id='word_1_154' title='bbox 806 2926 867 2990; x_wconf 91' lang='lat' dir='ltr'>in</span> <span class='ocrx_word' id='word_1_155' title='bbox 935 2936 1231 3013; x_wconf 86' lang='lat' dir='ltr'>promptu</span> <span class='ocrx_word' id='word_1_156' title='bbox 1304 2926 1703 2991; x_wconf 88' lang='lat' dir='ltr'>ministrent.“</span> <span class='ocrx_word' id='word_1_157' title='bbox 1805 2924 2146 3011; x_wconf 89' lang='lat' dir='ltr'>„Aspiranti</span> <span class='ocrx_word' id='word_1_158' title='bbox 2215 2925 2400 3012; x_wconf 75' lang='lat' dir='ltr'>igitur</span> <span class='ocrx_word' id='word_1_159' title='bbox 2464 2920 2552 2988; x_wconf 86' lang='lat' dir='ltr'>ad</span> 
     </span>
     <span class='ocr_line' id='line_1_24' title="bbox 447 3037 2553 3125; baseline 0 -23"><span class='ocrx_word' id='word_1_160' title='bbox 447 3039 781 3125; x_wconf 87' lang='lat' dir='ltr'>imperium</span> <span class='ocrx_word' id='word_1_161' title='bbox 845 3041 1075 3105; x_wconf 90' lang='lat' dir='ltr'>nationi</span> <span class='ocrx_word' id='word_1_162' title='bbox 1110 3040 1285 3105; x_wconf 46' lang='lat' dir='ltr'>*illud</span> <span class='ocrx_word' id='word_1_163' title='bbox 1344 3041 1406 3105; x_wconf 90' lang='lat' dir='ltr'>in</span> <span class='ocrx_word' id='word_1_164' title='bbox 1464 3059 1645 3104; x_wconf 91' lang='lat' dir='ltr'>more</span> <span class='ocrx_word' id='word_1_165' title='bbox 1692 3039 1796 3104; x_wconf 89' lang='lat' dir='ltr'>sit:</span> <span class='ocrx_word' id='word_1_166' title='bbox 1866 3050 1936 3104; x_wconf 94' lang='lat' dir='ltr'>ut</span> <span class='ocrx_word' id='word_1_167' title='bbox 2002 3059 2261 3104; x_wconf 87' lang='lat' dir='ltr'>sensum</span> <span class='ocrx_word' id='word_1_168' title='bbox 2316 3037 2553 3103; x_wconf 88' lang='lat' dir='ltr'>habeat</span> 
     </span>
     <span class='ocr_line' id='line_1_25' title="bbox 367 3152 2551 3242; baseline -0.001 -24"><span class='ocrx_word' id='word_1_169' title='bbox 367 3157 370 3160; x_wconf 65' lang='grc'><em>“</em></span> <span class='ocrx_word' id='word_1_170' title='bbox 447 3152 724 3219; x_wconf 89' lang='lat' dir='ltr'>vividum</span> <span class='ocrx_word' id='word_1_171' title='bbox 773 3166 837 3219; x_wconf 90' lang='lat' dir='ltr'>et</span> <span class='ocrx_word' id='word_1_172' title='bbox 883 3175 1100 3221; x_wconf 89' lang='lat' dir='ltr'>acrem</span> <span class='ocrx_word' id='word_1_173' title='bbox 1147 3154 1412 3242; x_wconf 87' lang='lat' dir='ltr'>injuriae</span> <span class='ocrx_word' id='word_1_174' title='bbox 1458 3155 1739 3241; x_wconf 77' lang='lat' dir='ltr'>alicujuS,</span> <span class='ocrx_word' id='word_1_175' title='bbox 1784 3153 1885 3219; x_wconf 90' lang='lat' dir='ltr'>vel</span> <span class='ocrx_word' id='word_1_176' title='bbox 1929 3152 2198 3219; x_wconf 91' lang='lat' dir='ltr'>subditis</span> <span class='ocrx_word' id='word_1_177' title='bbox 2229 3153 2359 3220; x_wconf 87' lang='lat' dir='ltr'>suis</span> <span class='ocrx_word' id='word_1_178' title='bbox 2388 3152 2551 3218; x_wconf 80' lang='lat' dir='ltr'>limi.</span> 
     </span>
     <span class='ocr_line' id='line_1_26' title="bbox 447 3247 2550 3354; baseline 0 -22"><span class='ocrx_word' id='word_1_179' title='bbox 447 3247 652 3332; x_wconf 77' lang='lat' dir='ltr'>taneis</span> <span class='ocrx_word' id='word_1_180' title='bbox 709 3267 810 3333; x_wconf 93' lang='lat' dir='ltr'>vel</span> <span class='ocrx_word' id='word_1_181' title='bbox 868 3267 1357 3349; x_wconf 75' lang='lat' dir='ltr'>mercatoribuS,</span> <span class='ocrx_word' id='word_1_182' title='bbox 1425 3268 1525 3334; x_wconf 91' lang='lat' dir='ltr'>vel</span> <span class='ocrx_word' id='word_1_183' title='bbox 1584 3267 1856 3354; x_wconf 90' lang='lat' dir='ltr'>publicis</span> <span class='ocrx_word' id='word_1_184' title='bbox 1925 3269 2248 3348; x_wconf 79' lang='lat' dir='ltr'>ministriS,</span> <span class='ocrx_word' id='word_1_185' title='bbox 2316 3269 2550 3347; x_wconf 88' lang='lat' dir='ltr'>illatae;</span> 
     </span>
     <span class='ocr_line' id='line_1_27' title="bbox 446 3382 2549 3472; baseline -0.001 -24"><span class='ocrx_word' id='word_1_186' title='bbox 446 3402 659 3470; x_wconf 88' lang='lat' dir='ltr'>neque</span> <span class='ocrx_word' id='word_1_187' title='bbox 718 3403 757 3448; x_wconf 91' lang='lat' dir='ltr'>a</span> <span class='ocrx_word' id='word_1_188' title='bbox 809 3384 1016 3472; x_wconf 88' lang='lat' dir='ltr'>prima</span> <span class='ocrx_word' id='word_1_189' title='bbox 1073 3384 1521 3471; x_wconf 90' lang='lat' dir='ltr'>provocatione</span> <span class='ocrx_word' id='word_1_190' title='bbox 1578 3382 1811 3449; x_wconf 87' lang='lat' dir='ltr'>diutius</span> <span class='ocrx_word' id='word_1_191' title='bbox 1868 3393 2119 3472; x_wconf 87' lang='lat' dir='ltr'>torpeat</span> <span class='ocrx_word' id='word_1_192' title='bbox 2175 3395 2282 3450; x_wconf 89' lang='lat' dir='ltr'>aut</span> <span class='ocrx_word' id='word_1_193' title='bbox 2325 3382 2549 3449; x_wconf 88' lang='lat' dir='ltr'>tardet.</span> 
     </span>
     <span class='ocr_line' id='line_1_28' title="bbox 445 3496 2551 3588; baseline -0.002 -25"><span class='ocrx_word' id='word_1_194' title='bbox 445 3499 603 3564; x_wconf 90' lang='lat' dir='ltr'>Item</span> <span class='ocrx_word' id='word_1_195' title='bbox 661 3510 955 3588; x_wconf 88' lang='lat' dir='ltr'>prompta</span> <span class='ocrx_word' id='word_1_196' title='bbox 1010 3499 1091 3565; x_wconf 90' lang='lat' dir='ltr'>sit</span> <span class='ocrx_word' id='word_1_197' title='bbox 1148 3509 1215 3564; x_wconf 91' lang='lat' dir='ltr'>et</span> <span class='ocrx_word' id='word_1_198' title='bbox 1269 3498 1494 3565; x_wconf 89' lang='lat' dir='ltr'>alacris</span> <span class='ocrx_word' id='word_1_199' title='bbox 1553 3498 1637 3564; x_wconf 90' lang='lat' dir='ltr'>ad</span> <span class='ocrx_word' id='word_1_200' title='bbox 1705 3499 1933 3565; x_wconf 87' lang='lat' dir='ltr'>auxilia</span> <span class='ocrx_word' id='word_1_201' title='bbox 2001 3499 2309 3565; x_wconf 87' lang='lat' dir='ltr'>mittenda</span> <span class='ocrx_word' id='word_1_202' title='bbox 2363 3496 2551 3562; x_wconf 91' lang='lat' dir='ltr'>sociis</span> 
     </span>
     <span class='ocr_line' id='line_1_29' title="bbox 445 3610 2549 3700; baseline -0.002 -23"><span class='ocrx_word' id='word_1_203' title='bbox 445 3614 580 3679; x_wconf 90' lang='lat' dir='ltr'>suis</span> <span class='ocrx_word' id='word_1_204' title='bbox 624 3624 689 3681; x_wconf 91' lang='lat' dir='ltr'>et</span> <span class='ocrx_word' id='word_1_205' title='bbox 733 3615 1132 3684; x_wconf 80' lang='lat' dir='ltr'>foederatiS.“</span> <span class='ocrx_word' id='word_1_206' title='bbox 1222 3615 1435 3693; x_wconf 89' lang='lat' dir='ltr'>Quare</span> <span class='ocrx_word' id='word_1_207' title='bbox 1480 3617 1650 3682; x_wconf 91' lang='lat' dir='ltr'>Baco</span> <span class='ocrx_word' id='word_1_208' title='bbox 1695 3616 1925 3682; x_wconf 91' lang='lat' dir='ltr'>milites</span> <span class='ocrx_word' id='word_1_209' title='bbox 1956 3617 2017 3680; x_wconf 91' lang='lat' dir='ltr'>in</span> <span class='ocrx_word' id='word_1_210' title='bbox 2050 3633 2277 3700; x_wconf 84' lang='lat' dir='ltr'>magno</span> <span class='ocrx_word' id='word_1_211' title='bbox 2307 3610 2549 3675; x_wconf 86' lang='lat' dir='ltr'>honore</span> 
     </span>
     <span class='ocr_line' id='line_1_30' title="bbox 447 3721 2549 3816; baseline -0.002 -26"><span class='ocrx_word' id='word_1_212' title='bbox 447 3724 797 3806; x_wconf 85' lang='lat' dir='ltr'>habendos,</span> <span class='ocrx_word' id='word_1_213' title='bbox 843 3728 1203 3816; x_wconf 83' lang='lat' dir='ltr'>triumphis,</span> <span class='ocrx_word' id='word_1_214' title='bbox 1262 3731 1598 3816; x_wconf 88' lang='lat' dir='ltr'>praemiis,</span> <span class='ocrx_word' id='word_1_215' title='bbox 1656 3729 1965 3798; x_wconf 90' lang='lat' dir='ltr'>donativis</span> <span class='ocrx_word' id='word_1_216' title='bbox 2012 3740 2076 3794; x_wconf 89' lang='lat' dir='ltr'>et</span> <span class='ocrx_word' id='word_1_217' title='bbox 2120 3721 2549 3813; x_wconf 83' lang='lat' dir='ltr'>largitionibus</span> 
     </span>
     <span class='ocr_line' id='line_1_31' title="bbox 448 3838 2551 3930; baseline -0.001 -25"><span class='ocrx_word' id='word_1_218' title='bbox 448 3838 767 3905; x_wconf 83' lang='lat' dir='ltr'>ornandos</span> <span class='ocrx_word' id='word_1_219' title='bbox 821 3853 1014 3930; x_wconf 86' lang='lat' dir='ltr'>putat.</span> <span class='ocrx_word' id='word_1_220' title='bbox 1116 3844 1342 3920; x_wconf 86' lang='lat' dir='ltr'>„Maris</span> <span class='ocrx_word' id='word_1_221' title='bbox 1388 3845 1793 3924; x_wconf 87' lang='lat' dir='ltr'>dominium‚“</span> <span class='ocrx_word' id='word_1_222' title='bbox 1862 3843 2036 3930; x_wconf 91' lang='lat' dir='ltr'>quod</span> <span class='ocrx_word' id='word_1_223' title='bbox 2092 3842 2155 3906; x_wconf 90' lang='lat' dir='ltr'>in</span> <span class='ocrx_word' id='word_1_224' title='bbox 2211 3838 2316 3904; x_wconf 89' lang='lat' dir='ltr'>illo</span> <span class='ocrx_word' id='word_1_225' title='bbox 2374 3857 2551 3905; x_wconf 82' lang='lat' dir='ltr'>com-</span> 
     </span>
     <span class='ocr_line' id='line_1_32' title="bbox 448 3954 2552 4047; baseline -0 -28"><span class='ocrx_word' id='word_1_226' title='bbox 448 3954 760 4019; x_wconf 89' lang='lat' dir='ltr'>mentario</span> <span class='ocrx_word' id='word_1_227' title='bbox 817 3954 901 4021; x_wconf 90' lang='lat' dir='ltr'>de</span> <span class='ocrx_word' id='word_1_228' title='bbox 956 3976 1108 4021; x_wconf 90' lang='lat' dir='ltr'>vera</span> <span class='ocrx_word' id='word_1_229' title='bbox 1165 3958 1594 4044; x_wconf 77' lang='lat' dir='ltr'>magnitudine</span> <span class='ocrx_word' id='word_1_230' title='bbox 1663 3959 1840 4047; x_wconf 81' lang='lat' dir='ltr'>regni</span> <span class='ocrx_word' id='word_1_231' title='bbox 1912 3954 2295 4033; x_wconf 90' lang='lat' dir='ltr'>Britanniae,</span> <span class='ocrx_word' id='word_1_232' title='bbox 2362 3974 2552 4042; x_wconf 89' lang='lat' dir='ltr'>quem</span> 
     </span>
     <span class='ocr_line' id='line_1_33' title="bbox 457 4068 2555 4157; baseline -0 -22"><span class='ocrx_word' id='word_1_233' title='bbox 457 4088 655 4157; x_wconf 87' lang='lat' dir='ltr'>supra</span> <span class='ocrx_word' id='word_1_234' title='bbox 712 4068 1139 4150; x_wconf 89' lang='lat' dir='ltr'>laudavimus,</span> <span class='ocrx_word' id='word_1_235' title='bbox 1197 4083 1261 4137; x_wconf 90' lang='lat' dir='ltr'>et</span> <span class='ocrx_word' id='word_1_236' title='bbox 1315 4072 1526 4139; x_wconf 87' lang='lat' dir='ltr'>multis</span> <span class='ocrx_word' id='word_1_237' title='bbox 1579 4073 1716 4138; x_wconf 90' lang='lat' dir='ltr'>aliis</span> <span class='ocrx_word' id='word_1_238' title='bbox 1765 4071 1918 4137; x_wconf 85' lang='lat' dir='ltr'>locis</span> <span class='ocrx_word' id='word_1_239' title='bbox 1984 4069 2332 4137; x_wconf 89' lang='lat' dir='ltr'>admodum</span> <span class='ocrx_word' id='word_1_240' title='bbox 2380 4091 2555 4138; x_wconf 75' lang='lat' dir='ltr'>com-</span> 
     </span>
     <span class='ocr_line' id='line_1_34' title="bbox 452 4184 2552 4277; baseline -0 -27"><span class='ocrx_word' id='word_1_241' title='bbox 452 4184 714 4251; x_wconf 88' lang='lat' dir='ltr'>mendat</span> <span class='ocrx_word' id='word_1_242' title='bbox 758 4189 998 4273; x_wconf 86' lang='lat' dir='ltr'>patriae</span> <span class='ocrx_word' id='word_1_243' title='bbox 1054 4208 1238 4267; x_wconf 89' lang='lat' dir='ltr'>suae,</span> <span class='ocrx_word' id='word_1_244' title='bbox 1295 4185 1746 4266; x_wconf 88' lang='lat' dir='ltr'>„monarchiae</span> <span class='ocrx_word' id='word_1_245' title='bbox 1808 4187 2131 4275; x_wconf 87' lang='lat' dir='ltr'>quaedam</span> <span class='ocrx_word' id='word_1_246' title='bbox 2190 4189 2552 4277; x_wconf 77' lang='lat' dir='ltr'>epitomenu</span> 
     </span>
    </p>
   </div>
  </div>
 </body>
</html>
