2998 4863
995 847 1634 942 AUCTORIS
1697 849 2029 959 VITA.

1357 1108 1639 1115 ——-—-——-—

454 1287 818 1390 Carolus
872 1321 1234 1392 Iacobus
1271 1318 1887 1408 Friedlaender,
1942 1313 2410 1405 BerolinensiS,
2447 1342 2566 1389 na-

447 1463 554 1523 tus
591 1474 737 1522 sum
795 1447 903 1523 die
969 1463 1207 1545 quarto
1275 1464 1430 1526 ante
1502 1450 1652 1524 idus
1706 1450 1930 1524 Junias
2000 1476 2059 1522 a.
2122 1450 2316 1524 1817
2376 1461 2564 1543 patre

445 1585 811 1655 Nathane
867 1579 1478 1671 Friedlaender,
1537 1607 1740 1677 quem
1772 1586 2170 1676 Jamdudum
2207 1603 2391 1653 mors
2442 1584 2566 1653 ab-

447 1712 641 1803 stulit,
697 1711 1168 1809 philosophiae
1224 1729 1294 1787 et
1342 1712 1720 1788 medicinae
1760 1719 2062 1803 doctore,
2119 1710 2386 1786 medico
2441 1737 2568 1807 pe·-

446 1843 789 1933 ritissimo,
844 1871 976 1918 nec
1031 1844 1273 1919 nonin
1327 1849 1457 1919 hac
1513 1845 1955 1920 Universitate
2012 1842 2351 1917 Friderica
2409 1841 2567 1917 Gui-

444 1984 647 2053 lelma
699 1975 1007 2072 privatim
1062 1981 1385 2066 docente,
1447 1991 1686 2052 matre.
1727 1977 2203 2052 Elisabetha
2267 2001 2307 2049 e
2362 1988 2565 2070 gente

444 2107 699 2194 Riess;
755 2106 1060 2205 religioni
1112 2108 1452 2184 Mosaicae
1495 2109 1821 2186 addictus,
1897 2107 2117 2183 Patria
2169 2112 2375 2182 domo
2430 2105 2568 2203 pri-

448 2254 603 2313 vato
686 2254 1134 2337 praeceptore
1219 2241 1591 2333 institutuS,
1699 2248 2034 2317 elementa
2128 2239 2191 2313 in
2265 2237 2563 2336 Collegio

448 2371 993 2449 Franco-Gallico
1063 2378 1240 2450 duce
1294 2378 1632 2466 Palmie,
1688 2375 1833 2450 viro
1888 2372 2285 2463 venerabili,
2343 2370 2562 2447 didici.

444 2503 703 2580 Deinde
759 2511 847 2580 ad
904 2511 1188 2582 Scholas
1243 2506 2139 2592 Friderico-Werderanias,
2195 2531 2371 2602 quae
2426 2519 2565 2579 tum

444 2641 775 2713 florebant
808 2638 1267 2716 Ribbeckio
1324 2647 1657 2739 praesule,
1712 2641 1855 2716 viro
1912 2637 2266 2734 ingenioso
2320 2636 2564 2727 transii,

443 2775 624 2842 unde
692 2796 868 2844 anno
933 2779 1133 2849 18:36
1202 2775 1515 2850 examine
1582 2779 1902 2871 probatus
1968 2776 2053 2846 ad
2112 2776 2354 2844 almam
2408 2768 2566 2843 Uni-

444 2897 758 2971 versitam
822 2903 1325 2979 Berolinensem
1402 2932 1513 2979 me
1588 2905 1855 2981 contuli.
1984 2903 2276 2978 Primum
2340 2901 2563 2975 animo

442 3028 863 3126 propositum
919 3049 1062 3109 erat
1114 3036 1319 3134 patris
1375 3045 1762 3135 exemplum
1801 3035 1994 3135 sequi
2036 3051 2106 3109 et
2142 3030 2564 3108 medicorum

442 3158 565 3235 arti
630 3187 907 3257 operam
974 3171 1153 3244 dare.
1210 3168 1447 3244 Audivi
1502 3168 1684 3245 viros·
1740 3169 1824 3244 ill.
1873 3172 2217 3256 Hecker‚
2273 3170 2562 3255 Kunth,

439 3299 810 3385 Mueller,
860 3296 1441 3392 Mitscherlich,
1488 3308 1848 3399 Magnus,
1902 3306 2322 3389 Schlemm,
2367 3305 2564 3373 Bur-

439 3424 786 3501 meister.
888 3435 1029 3504 Sed
1073 3436 1217 3525 jam
1282 3444 1420 3504 tum
1476 3433 1886 3508 desiderium
1944 3459 2055 3506 me
2123 3430 2303 3526 cepit
2369 3429 2561 3503 altius

438 3556 502 3632 in
559 3583 783 3633 rerum
840 3574 1143 3635 naturam
1197 3561 1593 3659 inquirendi,
1648 3563 1713 3637 in
1772 3564 2015 3660 quibus
2070 3560 2303 3636 studiis
2339 3560 2559 3658 philo-

439 3690 747 3787 sophiam
815 3691 974 3767 mihi
1039 3699 1286 3769 ducem
1350 3700 1496 3769 fore
1565 3695 1851 3793 speravi.
1947 3700 2171 3783 Quare
2236 3692 2417 3769 viros
2473 3692 2556 3768 ill.

442 3826 741 3900 Gabler
813 3840 882 3900 et
942 3829 1341 3901 Erdmann
1410 3831 1498 3901 de
1565 3825 1841 3903 summis
1905 3825 2376 3926 philosophiae
2442 3839 2558 3901 ca-

435 3951 686 4050 pitibus
748 3958 1159 4034 disserentes
1216 3958 1456 4035 audivi.
1529 3964 1668 4035 Sed
1725 3985 1877 4033 cum
1936 3959 2247 4036 omnibus
2302 3958 2556 4034 viribus

436 4084 540 4160 his
613 4089 846 4164 studiis
931 4091 1423 4184 incumberem,
1513 4091 1944 4190 gravissimus
2022 4089 2183 4165 mihi
2276 4096 2555 4166 morbus
