2998 4863
1334 361 1763 421 -33-

500 534 708 600 tentiis
751 533 1114 598 Deistarum
1169 552 1295 598 non
1351 532 1587 612 faveat,
1645 552 1795 598 curn
1849 531 1945 596 his
1991 536 2319 602 consensitw
2357 536 2419 602 in
2463 538 2598 602 nni-

494 658 624 715 tate
682 659 748 714 et
804 648 1147 715 concordia
1204 647 1522 714 ecclesiae
1580 647 2009 736 qualicunque
2063 647 2261 714 modo
2316 653 2600 717 reconci-

496 763 706 831 lianda
763 775 828 830 et
882 762 945 828 in
990 761 1321 842 remediis,
1378 782 1548 850 quae
1596 762 1825 828 civitati
1867 761 2169 827 adhunc
2212 762 2405 830 finem
2453 787 2601 852 pro-

494 879 722 966 posuit.
830 880 991 944 Nam
1050 898 1263 967 aeque
1318 887 1603 944 remotus
1663 887 1762 943 est
1804 875 1889 942 ab
1936 876 2210 944 ecclesia
2257 879 2602 968 episcopali

494 1004 557 1059 et
618 995 757 1082 ejus
817 993 1091 1060 consiliis
1150 1003 1345 1079 atque
1406 1012 1444 1057 a
1502 991 1902 1080 popularium
1957 993 2246 1061 factione.
2339 994 2601 1084 Utrique

489 1109 654 1196 parti
699 1127 910 1195 aeque
955 1106 1262 1172 resistens
1307 1106 1704 1195 reipublicae
1755 1105 2267 1173 moderatissima
2306 1112 2603 1197 proponit

492 1221 780 1301 consilia,
839 1232 909 1288 ut
964 1221 1374 1288 concordiam
1430 1223 1595 1288 inter
1638 1232 1858 1309 partes
1905 1222 2205 1310 disjectas
2246 1237 2603 1312 praeparet.

492 1340 632 1418 Qua
691 1358 764 1403 re
823 1336 977 1404 dicit
1032 1337 1335 1402 unitatem
1394 1338 1711 1404 ecclesiae
1768 1335 2121 1404 admodum
2176 1339 2601 1427 expetendam

491 1474 668 1534 esse,
724 1454 843 1520 sed
895 1473 980 1519 ne
1025 1453 1451 1518 conscientiae
1495 1453 1588 1517 vis
1634 1451 1956 1517 inferatur.
2061 1451 2246 1519 Clare
2293 1455 2465 1521 enim
2506 1457 2600 1522 in·-

490 1568 753 1647 tellexit‚
819 1567 873 1633 si
940 1587 1059 1654 per
1127 1587 1351 1633 omnes
1410 1578 1628 1654 partes
1686 1564 2080 1653 reipublicae
2141 1568 2420 1637 eandem
2474 1573 2600 1638 vim

488 1682 802 1746 internam
850 1691 914 1746 et
957 1681 1233 1747 animam
1280 1683 1525 1770 spirare
1572 1702 1845 1749 necesse
1892 1681 2000 1765 sit,
2046 1683 2317 1750 maxime
2367 1707 2598 1754 caven-

490 1793 645 1860 dum
693 1816 857 1875 esse,
901 1817 986 1862 ne
1029 1798 1372 1865 occasione
1419 1817 1750 1865 sacrorum
1799 1807 1865 1863 et
1909 1798 2233 1887 religionis
2266 1776 2599 1867 dissidium

488 1921 866 1978 nasceretur
924 1920 1013 1993 et,
1069 1913 1122 1978 si
1170 1913 1485 1982 dissensio
1532 1914 1731 1981 vitare
1776 1935 1903 1979 non
1949 1915 2178 2002 possit,
2235 1926 2304 1980 ut
2349 1937 2600 1983 summa

483 2027 877 2115 reipublicae
946 2028 1048 2094 lex
1107 2040 1172 2094 et
1229 2030 1391 2098 ordo
1448 2028 1737 2095 diversas
1793 2017 2012 2114 partes
2065 2031 2129 2094 in
2184 2029 2413 2099 finibus
2468 2034 2598 2100 suis

484 2145 804 2211 contineat
860 2154 923 2209 et
980 2145 1393 2231 constringat,
1454 2151 1533 2206 et.
1576 2143 1718 2228 ipsa
1775 2162 1972 2229 super
2018 2160 2246 2208 omnes
2289 2144 2596 2212 factiones

481 2259 672 2336 elata,
728 2260 791 2320 in
847 2276 1074 2320 omnes
1127 2276 1341 2339 aeque
1404 2253 1793 2318 dominetur:
1867 2274 2073 2339 quare
2127 2256 2594 2338 providendum

480 2390 627 2437 esse
672 2378 877 2456 putat,
934 2387 1020 2434 ne
1073 2386 1223 2453 pars
1268 2386 1304 2429 a
1351 2363 1624 2451 publicis
1669 2363 1871 2428 sacris
1916 2363 2299 2429 dissentiens
2343 2385 2597 2430 summa

478 2482 873 2571 reipublicae
912 2485 1062 2571 Jura
1106 2481 1191 2548 ad
1231 2500 1306 2546 se
1336 2477 1539 2565 rapiat
1571 2489 1637 2544 et
1663 2477 1959 2566 politicae
1988 2477 2276 2544 factionis
2305 2480 2592 2566 speciem

479 2597 659 2680 edat;
718 2597 802 2663 ab
858 2598 936 2662 iis
993 2593 1402 2674 factionibus,
1467 2612 1639 2679 quae
1682 2593 1860 2657 litem
1909 2591 1992 2658 de
2037 2613 2110 2659 re
2154 2593 2592 2682 philosophica

476 2714 801 2791 moverint,
847 2732 974 2776 non
1022 2730 1169 2775 esse
1197 2706 1571 2772 timendum.
1643 2708 1860 2785 Quare
1906 2709 2119 2775 omnia
2159 2710 2301 2798 ejus
2333 2710 2591 2777 consilia

478 2848 557 2894 eo
587 2826 872 2905 tendunt,
893 2847 977 2891 ne
1023 2833 1320 2888 auctores
1353 2830 1679 2887 sectarum
1697 2822 2188 2905 exacerbentur,
2233 2825 2356 2892 sed
2387 2837 2454 2891 ut
2483 2837 2588 2893 aut

475 2941 995 3019 reconcilientur,
1051 2950 1160 3005 aut
1204 2938 1517 3027 patienter
1562 2937 1940 3018 tolerentur,
1996 2939 2307 3027 neglectis
2362 2961 2584 3008 eorum

476 3061 538 3124 in
584 3056 903 3144 theologia
950 3054 1216 3122 diversis
1262 3054 1609 3122 sententiis,
1683 3054 1856 3120 Baco
1897 3055 2318 3123 amicissimus
2361 3068 2461 3124 est
2496 3058 2585 3123 illi

474 3172 847 3237 recentioris
891 3170 1199 3258 temporis
1245 3169 1472 3250 studio,
1521 3168 1701 3258 quod
1745 3169 1963 3235 formis
2006 3171 2250 3257 pristini
2274 3173 2586 3261 ‘temporis

473 3288 746 3375 rejectIS,
792 3287 1056 3354 ulterius
1100 3284 1508 3373 progreditur
1554 3296 1618 3352 et
1651 3282 2002 3351 novassibi
2032 3285 2268 3353 formas
2304 3288 2582 3374 aptiores

473 3402 740 3490 quaerit,
787 3421 987 3492 quare
1034 3410 1281 3468 monet:
1330 3423 1413 3468 ne
1460 3423 1691 3469 cursus
1736 3401 1800 3465 in
1843 3400 2266 3469 emendandis
2298 3401 2581 3469 moribus

472 3518 784 3586 ecclesiae
815 3517 1202 3599 retardetur;
1233 3528 1415 3603 recte
1448 3518 1658 3595 docet,
1687 3518 2045 3605 regimen
2078 3516 2577 3584 ecclesiasti-

472 3654 639 3699 cum
687 3634 951 3723 quoad
997 3635 1323 3700 formam
1353 3632 1636 3698 mutari
1668 3652 1927 3719 posse,
1975 3643 2041 3697 et
2070 3630 2427 3699 secundum
2458 3651 2577 3717 op-

467 3750 916 3835 portunitatem
960 3762 1325 3837 temporum
1370 3748 1599 3812 mutari
1635 3746 1896 3813 debere.
1974 3739 2262 3810 Alterum
2293 3766 2575 3833 quoque,

468 3861 645 3951 quod
677 3862 883 3942 docet,
916 3865 1204 3950 quamvis
1236 3861 1555 3928 ecclesiae
1590 3861 1935 3949 episcopali
1967 3858 2325 3939 adversum,
2355 3869 2571 3927 tamen

464 3976 953 4044 saluberrimum
1001 3985 1125 4056 est,
1182 3997 1308 4042 non
1367 3975 1451 4040 ad
1504 3978 1764 4043 unicum
1822 3974 2149 4061 exemplar
2195 3985 2259 4041 et
2302 3979 2570 4043 formam

464 4114 722 4159 omnem
769 4090 1013 4159 debere
1059 4090 1198 4158 fieri
1245 4091 1776 4157 reformationem.
1867 4089 2025 4155 Nam
2071 4111 2195 4157 non
2243 4091 2339 4178 id,
2393 4092 2570 4181 quod

462 4206 769 4286 debebat,
828 4207 1103 4274 ecclesia
1146 4206 1489 4295 Anglicana
1545 4205 1818 4301 libertati
1864 4204 2190 4273 hominum
2237 4208 2570 4287 concessit,
