2998 4863
1323 378 1759 442 ...40-

579 555 850 643 quisque
894 551 1137 640 patriae
1189 552 1422 641 legum,
1465 550 1568 617 vel
1614 550 1804 616 etiam
1822 551 2248 617 Romanarum
2295 564 2406 619 aut
2425 556 2588 622 Pon-

580 667 910 733 tificiarum
964 666 1210 754 placitis
1269 665 1522 732 obnoxii
1582 676 1647 731 et
1715 664 1983 745 addicti,
2044 665 2289 754 judicio
2345 667 2592 734 sincero

579 803 705 850 non
732 836 733 839 η
762 789 1056 859 utuntur,
1113 779 1234 846 sed
1292 791 1598 869 tanquam
1657 800 1693 845 e
1751 779 2013 847 vinculis
2073 781 2593 849 sermocinantur.

582 896 771 963 Certe
820 896 1091 983 cognitio
1136 896 1254 962 ista
1297 894 1383 961 ad
1429 895 1598 961 viros
1645 893 1861 960 civiles
1890 896 2148 982 proprie
2181 904 2442 982 spectat,
2488 899 2594 984 qui

580 1013 818 1101 optime
863 1018 1109 1088 norunt,
1154 1008 1309 1097 quid
1338 1010 1516 1076 -ferat
1549 996 1824 1074 societ'as
1871 1009 2175 1091 humana,
2222 1009 2378 1097 quid
2423 1010 2594 1076 salus
2644 1024 2660 1039 ·

581 1126 825 1215 populi,
882 1121 1039 1212 quid
1093 1125 1385 1210 aequitas
1443 1122 1771 1202 naturalis,
1831 1123 1985 1212 quid
2039 1124 2317 1212 gentium
2365 1143 2595 1196 mores,

586 1240 738 1330 quid
787 1259 1005 1306 rerum
1049 1236 1450 1325 publicarum
1496 1238 1741 1304 formae
1789 1236 2082 1305 diversae
2127 1237 2407 1326 ideoque
2442 1259 2594 1327 pos-

583 1366 727 1422 sunt
774 1354 856 1421 de
901 1352 1152 1441 legibus
1198 1373 1278 1419 ex
1322 1353 1644 1441 principiis
1690 1362 1753 1418 et
1787 1355 2168 1442 praeceptis,
2212 1364 2341 1418 tarn
2374 1355 2597 1443 aequi-

587 1471 755 1550 tatis,
804 1489 997 1558 quam
1042 1468 1333 1556 politices
1381 1467 1806 1538 discernere.“

542 1591 618 1674 ⁷⁰)
663 1585 861 1664 „Finis
907 1594 972 1650 et
1016 1602 1251 1670 scopus
1296 1605 1491 1673 quem
1536 1583 1716 1671 leges
1762 1584 1988 1649 intueri
2034 1594 2231 1671 atque
2276 1582 2363 1649 ad
2404 1604 2599 1672 quem

525 1770 543 1790 .
584 1700 903 1787 jussiones
950 1709 1016 1764 et
1058 1698 1418 1765 sanctiones
1463 1718 1614 1764 suas
1662 1696 1940 1784 dirigere
1986 1696 2243 1778 debent,
2288 1720 2412 1764 non
2444 1699 2601 1765 alius

592 1826 716 1894 est,
765 1834 958 1902 quam
1002 1823 1071 1878 ut
1117 1813 1287 1879 cives
1333 1812 1601 1878 feliciter
1647 1811 1909 1899 degant:
1970 1812 2033 1878 id
2078 1812 2214 1888 fiet,
2272 1814 2323 1878 si
2368 1814 2601 1901 pietate

593 1939 655 1994 et
699 1928 1005 2017 religione
1050 1938 1229 1995 recte
1273 1928 1553 2010 instituti,
1605 1925 1892 1992 moribus
1939 1927 2205 2007 honesti,
2250 1930 2442 1996 armis
2487 1929 2602 1995 ad-

588 2064 845 2109 versum
902 2043 1122 2109 hostes
1182 2053 1479 2108 externos
1534 2043 1684 2123 tuti,
1736 2040 1954 2130 legum
2012 2043 2241 2109 auxilio
2298 2044 2603 2111 adversus

586 2159 863 2246 privatas
934 2157 1151 2223 muniti
1222 2157 1485 2244 injurias
1505 2160 1611 2247 ⁷1);
1670 2156 1940 2244 imperio
2006 2168 2072 2223 et
2138 2161 2603 2249 magistratibus

589 2273 1056 2361 obsequentes,
1115 2271 1314 2358 copiis
1372 2281 1435 2336 et
1491 2269 1722 2359 opibus
1767 2269 2121 2358 locupletes
2167 2284 2229 2339 et
2273 2275 2601 2361 opulentes

592 2386 836 2452 fuerint.
913 2386 1150 2453 Harum
1197 2395 1410 2453 autem
1456 2407 1675 2453 rerum
1720 2386 2133 2453 instrumenta
2163 2397 2227 2453 et
2255 2389 2428 2455 nervi
2458 2397 2600 2455 sunt

585 2503 824 2591 legeS.“

548 2624 628 2707 ⁷²)
673 2619 831 2700 „For
885 2616 1069 2695 lawa,
1121 2616 1332 2682 which
1386 2637 1499 2683 are
1558 2616 1664 2682 the
1719 2616 2030 2705 principal
2085 2617 2318 2683 sinews
2375 2616 2444 2681 of
2493 2636 2607 2703 go-

590 2740 943 2815 vernment‚
986 2731 1140 2821 they
1170 2729 1254 2796 be
1287 2730 1358 2796 of
1379 2731 1563 2797 three
1592 2741 1881 2813 natures3
1927 2732 2148 2819 „jura,“
2178 2731 2387 2797 which
2417 2731 2451 2795 J
2480 2729 2608 2797 will

532 2851 551 2854 “
591 2859 757 2912 term
802 2844 1128 2911 freedoms
1175 2865 1248 2910 or
1293 2843 1594 2924 abilities,
1641 2846 1907 2933 „leges“
1954 2845 2079 2912 and
2125 2859 2433 2926 ,‚moreS.“

547 2964 628 3052 ⁷3)
673 2961 833 3040 „The
887 2960 1044 3027 laws
1101 2960 1172 3025 of
1220 2960 1329 3025 the
1389 2970 1556 3027 most
1616 2958 1956 3048 kingdoms
2014 2961 2141 3027 and
2200 2971 2398 3027 states
2452 2960 2610 3026 have

589 3078 761 3144 been
818 3075 948 3142 like
1004 3073 1326 3162 buildings
1383 3076 1454 3141 of
1507 3096 1702 3165 many
1758 3076 1981 3162 pieces
2029 3076 2158 3140 and
2204 3075 2484 3163 patched
2525 3096 2610 3161 up

592 3190 755 3255 from
826 3191 980 3256 time
1033 3200 1099 3255 to
1155 3189 1336 3266 time,
1404 3187 1749 3278 according
1803 3199 1870 3255 to
1928 3190 2287 3270 occasionS,
2352 3190 2614 3258 without

592 3305 795 3374 frame
842 3326 917 3370 or
960 3302 1230 3373 model.“

645 3536 734 3610 70)
772 3536 855 3593 De
892 3535 1089 3606 Augm.
1126 3536 1326 3595 scient.
1365 3534 1482 3590 Lib.
1504 3535 1635 3592 Vlll.
1675 3535 1835 3593 o.111.
1891 3537 2111 3593 Tractat
2147 3536 2219 3592 de
2247 3536 2454 3606 justitia
2492 3533 2614 3588 uni-

504 3642 697 3695 versa,
735 3626 853 3681 sive
892 3624 962 3680 de
998 3624 1249 3680 fontibus
1279 3622 1443 3694 juris.
1517 3622 1728 3695 Aphor.
1766 3624 1830 3680 V.
1866 3641 1923 3696 p.
1961 3629 2087 3683 440.
2122 3623 2243 3680 Vol.
2280 3623 2388 3679 V11.

645 3714 738 3780 71)
778 3711 886 3766 Cir.
922 3712 1183 3767 Baconis:
1239 3709 1409 3767 Laws
1445 3715 1633 3767 tractS.
1688 3711 1804 3767 The
1841 3712 2114 3769 elements
2153 3713 2216 3767 of
2235 3711 2325 3767 the
2350 3725 2618 3766 common

505 3799 676 3856 Laws
716 3799 779 3853 of
808 3798 1077 3868 England.
1149 3797 1270 3855 Vol.
1308 3798 1394 3855 IV.
1430 3815 1487 3869 p.
1526 3802 1615 3856 82.
1653 3804 1709 3855 et
1743 3807 2004 3871 sequent.

645 3887 735 3953 72)
772 3886 923 3940 Briet
973 3885 1269 3945 discourse
1323 3886 1386 3941 of
1427 3885 1520 3941 the
1565 3886 1756 3959 happy
1793 3889 1968 3945 union
2009 3891 2072 3945 of
2104 3888 2197 3944 the
2232 3884 2527 3956 kingdoms
2565 3884 2627 3939 of

501 3972 754 4044 England
817 3971 929 4027 and
983 3970 1264 4030 Scotland.
1364 3973 1671 4031 Dedicated
1731 3976 1790 4030 in
1844 3977 2062 4047 private
2118 3982 2177 4033 to
2233 3974 2321 4032 his
2377 3972 2624 4044 Majesty.

504 4059 730 4116 Printed
767 4061 825 4115 in
863 4062 1002 4118 1603
1037 4059 1096 4114 in
1135 4063 1315 4118 l2m0.
1354 4062 1472 4117 Vol.
1511 4064 1593 4120 ΠΙ,
1631 4080 1687 4134 p.
1724 4066 1847 4121 205.

647 4148 735 4222 73)
778 4137 865 4204 An
912 4149 1054 4205 ofler
1098 4152 1154 4203 to
1201 4148 1333 4220 king
1374 4152 1562 4207 James
1611 4151 1673 4206 of
1715 4168 1748 4206 a
1785 4151 1967 4222 digest
2014 4158 2069 4208 to
2120 4152 2193 4208 be
2231 4151 2397 4206 made
2436 4150 2499 4205 of
2532 4148 2623 4204 the

497 4237 641 4296 laws
678 4238 741 4293 of
773 4236 1042 4308 England.
1115 4235 1235 4293 Vol.
1273 4237 1358 4296 IV.
1395 4255 1452 4308 p.
1488 4240 1611 4300 379.
