2998 4863
1345 362 1775 429 ,ψῃ-ῳ

514 556 692 614 vere,
749 545 1187 624 paupertatem
1248 537 1525 625 intelligo
1585 537 1811 603 civium
1859 546 1921 600 et
1969 536 2261 622 inopiam.
2356 533 2463 599 Cui
2507 534 2608 600 in-

517 651 707 717 servit
729 653 1004 717 rationes
1019 650 1385 717 commercii
1410 648 1577 715 bene
1604 648 1711 714 lib
1728 669 1765 714 e
1780 671 1811 713 r
1825 669 1861 712 a
1874 670 1905 714 r
1920 669 1976 730 e,
2000 660 2063 714 et
2086 647 2252 715 bene
2276 647 2386 714 lib
2398 668 2433 713 r
2445 669 2525 714 ar
2537 672 2574 716 e
2590 670 2605 729 ;

515 763 789 832 artifices
838 776 902 831 et
948 766 1417 832 manufacturas
1458 764 1868 830 introducere
1909 775 1972 829 et
2010 764 2241 842 fovere,
2290 763 2609 829 desidium

513 891 577 947 et
634 881 831 947 otium
886 878 1250 968 profligare;
1316 877 1531 945 luxum
1592 889 1656 945 et
1709 879 2137 967 profusionem
2203 879 2612 966 sumptuariis

511 994 759 1084 legibus
817 1014 1146 1073 coercere;
1215 993 1419 1059 solum
1490 1007 1554 1062 et
1626 1014 1815 1082 agros
1886 993 2128 1060 cultura
2181 994 2607 1060 lucrosissima

512 1109 840 1199 subigere;
908 1108 1103 1175 rebus
1147 1108 1474 1175 venalibus
1510 1108 1717 1196 pretia
1743 1109 1917 1196 justa
1949 1109 2302 1195 imponere:
2374 1128 2609 1176 census

517 1235 580 1290 et
624 1223 854 1290 tributa
900 1223 1220 1291 moderari
1267 1235 1330 1290 et
1375 1223 1648 1289 similia.“

689 1339 891 1419 „Nihil
937 1351 1149 1407 autem
1196 1339 1370 1427 prius
1417 1360 1565 1405 esse
1613 1337 1809 1404 debet
1852 1348 1959 1403 aut
1993 1337 2350 1416 consultius,
2397 1358 2610 1425 quam,

509 1463 577 1519 ut
633 1453 842 1521 videat
899 1455 1375 1543 magistratuum
1435 1452 1798 1541 prudentia,
1856 1473 1937 1518 ne
1999 1454 2412 1539 pecuniarum
2466 1452 2609 1519 the-

511 1570 679 1635 sauri
764 1568 938 1661 apud
1023 1588 1263 1655 paucos
1337 1564 1782 1633 recondantur.
1907 1566 2099 1632 Aliter
2174 1568 2342 1632 enim
2422 1566 2609 1634 facile

508 1684 725 1765 fuerit,
794 1680 1254 1771 rempublicam
1315 1682 1477 1748 inter
1523 1699 1786 1768 magnas
1833 1701 1990 1768 opes
2036 1681 2203 1747 fame
2249 1683 2475 1769 perire.
2522 1719 2604 1732 -

507 1797 643 1862 Hoc
697 1797 1043 1885 praecipue
1091 1795 1406 1863 efficietur·
1448 1793 1934 1881 supprimendo,
1992 1807 2098 1863 aut
2142 1797 2366 1864 saltem
2422 1816 2612 1862 coer-

510 1909 719 1978 cendo
787 1911 1121 1999 voragines
1191 1911 1355 1990 illas,
1420 1909 1722 1988 soenoriS,
1788 1911 2294 1999 monopoliorum
2349 1922 2414 1978 et
2469 1911 2610 1976 lati-

507 2025 867 2093 fundiorum
909 2027 974 2091 in
1017 2045 1259 2114 pascua
1304 2044 1754 2092 conversorum
1801 2035 1867 2092 et
1905 2017 2249 2093 similium.“
2316 2074 2319 2077 -

684 2141 1042 2226 „Quantum
1099 2140 1185 2207 ad
1246 2139 1569 2207 sedandas
1626 2140 1979 2206 animorum
2047 2139 2431 2209 offensiones
2498 2151 2614 2206 aut

506 2256 737 2322 saltem
794 2255 877 2320 ad
935 2254 1294 2321 amolienda
1341 2275 1448 2334 ea,
1519 2274 1687 2342 quae
1735 2253 1815 2320 ab
1863 2256 1936 2320 iis
1980 2257 2380 2344 proveniunt,
2434 2256 2608 2342 peri-

509 2369 667 2450 cula,
714 2367 841 2436 duo
888 2382 1033 2436 sunt
1075 2369 1139 2437 in
1184 2368 1355 2437 omni
1399 2378 1565 2436 statu
1611 2372 1717 2456 (ut
1759 2379 1977 2436 notum
2025 2373 2157 2461 est)
2205 2369 2610 2437 subditorum

508 2505 763 2573 genera,
807 2504 1113 2572 proceres
1160 2495 1225 2551 et
1267 2483 1468 2577 plebs,
1546 2485 1821 2563 Quaevis
1867 2485 2094 2550 harum.
2134 2486 2422 2572 partium,
2468 2486 2607 2552 sola

507 2600 561 2665 si
619 2600 862 2666 insensa
930 2601 1033 2680 sit,
1099 2622 1225 2666 non
1294 2621 1592 2688 magnum
1659 2598 1880 2665 subest
1945 2599 2316 2687 periculum.
2420 2599 2609 2665 Tardi

509 2715 677 2780 enim
756 2725 899 2780 sunt
977 2715 1192 2803 populi
1267 2725 1506 2793 motuS,
1577 2712 1697 2779 nisi
1765 2732 1802 2776 a
1867 2710 2184 2780 nobilibus
2250 2713 2608 2782 incitentur.

505 2826 763 2893 Nobiles
808 2840 1021 2897 autem
1065 2830 1344 2911 invalidi,
1400 2829 1519 2895 nisi
1565 2826 1789 2916 vulgus
1834 2848 1949 2893 sua
1993 2838 2219 2916 sponte
2265 2826 2353 2893 ad
2394 2840 2613 2897 motus

505 2958 724 3030 aptum
770 2954 833 3011 et
878 2945 1412 3034 praedispositum
1459 2943 1565 3010 sit:
1613 2953 1747 3008 tum
1791 2943 2147 3031 periculum
2191 2965 2263 3010 re
2308 2965 2461 3011 vera
2505 2946 2608 3010 in-

505 3060 682 3146 gruit,
730 3079 878 3127 cum
921 3062 1309 3148 potentiores
1356 3067 1719 3146 expectent,
1782 3057 1936 3158 dum
1981 3079 2189 3147 aquae
2235 3070 2609 3126 moveantur

505 3173 678 3260 apud
722 3175 969 3262 vulgus,
1037 3185 1106 3241 ut
1151 3177 1236 3241 ita
1282 3175 1544 3242 demum
1588 3174 1833 3240 animos
1878 3173 2277 3241 exulceratos
2320 3175 2607 3264 prodere

501 3287 794 3375 possint.“
840 3329 926 3340 ·-

676 3403 886 3493 Reges
934 3405 1231 3473 monendi
1286 3416 1458 3486 sunt,
1527 3426 1756 3496 „quam
1808 3412 2043 3471 tutum-
2071 3413 2136 3470 et
2191 3405 2468 3473 salutare
2522 3404 2605 3470 sit

503 3519 577 3586 iis
623 3519 831 3607 plebis
877 3521 1086 3589 studia
1132 3522 1468 3590 conciliare
1518 3532 1581 3588 et
1625 3522 1957 3589 retinere.“

677 3637 856 3714 Quae
915 3637 965 3702 si
1025 3637 1232 3702 omnia
1289 3647 1697 3723 praevertere
1756 3637 1991 3703 malum
2038 3634 2340 3712 videntur,
2386 3651 2603 3698 reme-

505 3746 609 3810 dia
665 3769 859 3826 nunc,
932 3769 1098 3835 quae
1166 3752 1331 3815 Baco
1399 3753 1731 3838 proposuit
1797 3750 1879 3815 ad
1957 3747 2278 3814 sedandos
2335 3746 2604 3825 animOS,

506 3858 868 3925 videamus:
920 3861 1291 3938 „Licentiam
1340 3865 1717 3942 nonnullam,
1764 3864 1882 3929 sed
1931 3860 2322 3926 moderatam
2371 3862 2603 3927 animis

504 3981 760 4063 gravate
792 3970 1034 4038 affectis
1082 3985 1146 4040 et
1195 3976 1517 4041 malevolis
1564 3977 1911 4063 indulgere,
1940 3985 2008 4039 ut
2039 3974 2341 4042 ebulliant
2372 3999 2595 4044 eorum

505 4088 788 4166 doloreS‚
858 4098 920 4155 et
975 4089 1037 4155 in
1093 4088 1300 4156 fumos
1347 4089 1592 4171 abeant,
1639 4091 1873 4179 (modo
1930 4090 2258 4157 insolentia
2311 4091 2474 4158 absit
2531 4101 2595 4157 et

505 4204 804 4296 audacia)
853 4206 1002 4274 utile
1048 4226 1204 4273 sane
1251 4217 1410 4277 est.“
1499 4208 1748 4275 Deinde
1804 4208 2086 4298 „politice
2148 4217 2212 4274 et
2254 4207 2596 4275 artificiose
