<?xml version="1.0" encoding="UTF-8"?>
<!DOCTYPE html PUBLIC "-//W3C//DTD XHTML 1.0 Transitional//EN"
    "http://www.w3.org/TR/xhtml1/DTD/xhtml1-transitional.dtd">
<html xmlns="http://www.w3.org/1999/xhtml" xml:lang="en" lang="en">
 <head>
  <title>
</title>
<meta http-equiv="Content-Type" content="text/html;charset=utf-8" />
  <meta name='ocr-system' content='tesseract 3.04.00' />
  <meta name='ocr-capabilities' content='ocr_page ocr_carea ocr_par ocr_line ocrx_word'/>
</head>
<body>
  <div class='ocr_page' id='page_1' title='image "./defranciscibaco00friegoog_0079.png"; bbox 0 0 2998 4863; ppageno 0'>
   <div class='ocr_carea' id='block_1_1' title="bbox 1254 408 1675 472">
    <p class='ocr_par' dir='ltr' id='par_1_1' title="bbox 1254 408 1675 472">
     <span class='ocr_line' id='line_1_1' title="bbox 1254 408 1675 472; baseline -0.002 -19"><span class='ocrx_word' id='word_1_1' title='bbox 1254 408 1675 472; x_wconf 55' lang='grc'>-69,</span> 
     </span>
    </p>
   </div>
   <div class='ocr_carea' id='block_1_2' title="bbox 406 575 2522 1818">
    <p class='ocr_par' dir='ltr' id='par_1_2' title="bbox 503 575 2522 897">
     <span class='ocr_line' id='line_1_2' title="bbox 505 575 2522 667; baseline -0.003 -20"><span class='ocrx_word' id='word_1_2' title='bbox 505 577 890 658; x_wconf 86' lang='lat' dir='ltr'>recreation;</span> <span class='ocrx_word' id='word_1_3' title='bbox 937 577 1121 643; x_wconf 86' lang='lat' dir='ltr'><strong>when</strong></span> <span class='ocrx_word' id='word_1_4' title='bbox 1169 577 1647 667; x_wconf 85' lang='lat' dir='ltr'>fields-spords</span> <span class='ocrx_word' id='word_1_5' title='bbox 1693 587 1921 644; x_wconf 88' lang='lat' dir='ltr'>cannot</span> <span class='ocrx_word' id='word_1_6' title='bbox 1956 575 2037 641; x_wconf 89' lang='lat' dir='ltr'>be</span> <span class='ocrx_word' id='word_1_7' title='bbox 2070 575 2222 656; x_wconf 88' lang='lat' dir='ltr'>had;</span> <span class='ocrx_word' id='word_1_8' title='bbox 2269 575 2382 641; x_wconf 85' lang='lat' dir='ltr'>but</span> <span class='ocrx_word' id='word_1_9' title='bbox 2412 588 2522 643; x_wconf 89' lang='lat' dir='ltr'>not</span> 
     </span>
     <span class='ocr_line' id='line_1_3' title="bbox 503 691 2517 782; baseline -0.003 -21"><span class='ocrx_word' id='word_1_10' title='bbox 503 709 568 761; x_wconf 86' lang='lat' dir='ltr'>to</span> <span class='ocrx_word' id='word_1_11' title='bbox 627 715 743 760; x_wconf 92' lang='lat' dir='ltr'>use</span> <span class='ocrx_word' id='word_1_12' title='bbox 798 695 842 756; x_wconf 92' lang='lat' dir='ltr'>it</span> <span class='ocrx_word' id='word_1_13' title='bbox 899 712 968 758; x_wconf 88' lang='lat' dir='ltr'>as</span> <span class='ocrx_word' id='word_1_14' title='bbox 1026 713 1061 755; x_wconf 92' lang='lat' dir='ltr'>a</span> <span class='ocrx_word' id='word_1_15' title='bbox 1127 714 1313 758; x_wconf 89' lang='lat' dir='ltr'>mean</span> <span class='ocrx_word' id='word_1_16' title='bbox 1370 704 1434 759; x_wconf 94' lang='lat' dir='ltr'>to</span> <span class='ocrx_word' id='word_1_17' title='bbox 1493 693 1702 782; x_wconf 90' lang='lat' dir='ltr'>spend</span> <span class='ocrx_word' id='word_1_18' title='bbox 1747 692 1854 757; x_wconf 89' lang='lat' dir='ltr'>the</span> <span class='ocrx_word' id='word_1_19' title='bbox 1913 692 2093 767; x_wconf 87' lang='lat' dir='ltr'>time,</span> <span class='ocrx_word' id='word_1_20' title='bbox 2154 693 2345 756; x_wconf 89' lang='lat' dir='ltr'>much</span> <span class='ocrx_word' id='word_1_21' title='bbox 2389 691 2517 757; x_wconf 87' lang='lat' dir='ltr'>less</span> 
     </span>
     <span class='ocr_line' id='line_1_4' title="bbox 505 804 2022 897; baseline -0.001 -23"><span class='ocrx_word' id='word_1_22' title='bbox 505 820 569 877; x_wconf 91' lang='lat' dir='ltr'>to</span> <span class='ocrx_word' id='word_1_23' title='bbox 616 804 940 895; x_wconf 88' lang='lat' dir='ltr'>misspend</span> <span class='ocrx_word' id='word_1_24' title='bbox 984 806 1092 871; x_wconf 90' lang='lat' dir='ltr'>the</span> <span class='ocrx_word' id='word_1_25' title='bbox 1137 806 1308 873; x_wconf 87' lang='lat' dir='ltr'>thrift</span> <span class='ocrx_word' id='word_1_26' title='bbox 1352 810 1424 875; x_wconf 84' lang='lat' dir='ltr'>os</span> <span class='ocrx_word' id='word_1_27' title='bbox 1458 810 1567 875; x_wconf 81' lang='lat' dir='ltr'>the</span> <span class='ocrx_word' id='word_1_28' title='bbox 1613 816 2022 897; x_wconf 77' lang='lat' dir='ltr'>gamesterS.“</span> 
     </span>
    </p>

    <p class='ocr_par' dir='ltr' id='par_1_3' title="bbox 406 918 2520 1818">
     <span class='ocr_line' id='line_1_5' title="bbox 592 918 2519 1012; baseline -0.004 -23"><span class='ocrx_word' id='word_1_29' title='bbox 592 924 659 988; x_wconf 86' lang='lat' dir='ltr'>In</span> <span class='ocrx_word' id='word_1_30' title='bbox 706 922 921 989; x_wconf 90' lang='lat' dir='ltr'>ultimo</span> <span class='ocrx_word' id='word_1_31' title='bbox 968 920 1315 988; x_wconf 86' lang='lat' dir='ltr'>litterarum</span> <span class='ocrx_word' id='word_1_32' title='bbox 1361 924 1628 1007; x_wconf 89' lang='lat' dir='ltr'>illarum,</span> <span class='ocrx_word' id='word_1_33' title='bbox 1675 943 1946 1012; x_wconf 88' lang='lat' dir='ltr'>quarum</span> <span class='ocrx_word' id='word_1_34' title='bbox 1993 918 2284 986; x_wconf 80' lang='lat' dir='ltr'>ordinem</span> <span class='ocrx_word' id='word_1_35' title='bbox 2318 920 2519 983; x_wconf 86' lang='lat' dir='ltr'>secuti</span> 
     </span>
     <span class='ocr_line' id='line_1_6' title="bbox 418 1032 2519 1126; baseline -0.005 -20"><span class='ocrx_word' id='word_1_36' title='bbox 418 1059 657 1117; x_wconf 44' lang='lat' dir='ltr'>sumusw</span> <span class='ocrx_word' id='word_1_37' title='bbox 699 1037 906 1124; x_wconf 90' lang='lat' dir='ltr'>capite</span> <span class='ocrx_word' id='word_1_38' title='bbox 952 1034 1036 1100; x_wconf 89' lang='lat' dir='ltr'>ad</span> <span class='ocrx_word' id='word_1_39' title='bbox 1084 1056 1399 1103; x_wconf 87' lang='lat' dir='ltr'>summum</span> <span class='ocrx_word' id='word_1_40' title='bbox 1446 1037 1838 1126; x_wconf 86' lang='lat' dir='ltr'>reipublicae</span> <span class='ocrx_word' id='word_1_41' title='bbox 1870 1044 2061 1123; x_wconf 90' lang='lat' dir='ltr'>caput</span> <span class='ocrx_word' id='word_1_42' title='bbox 2090 1034 2256 1098; x_wconf 90' lang='lat' dir='ltr'>Baco</span> <span class='ocrx_word' id='word_1_43' title='bbox 2290 1032 2519 1098; x_wconf 88' lang='lat' dir='ltr'>iterum</span> 
     </span>
     <span class='ocr_line' id='line_1_7' title="bbox 414 1147 2518 1240; baseline -0.004 -21"><span class='ocrx_word' id='word_1_44' title='bbox 414 1154 716 1231; x_wconf 89' lang='lat' dir='ltr'>ascendit,</span> <span class='ocrx_word' id='word_1_45' title='bbox 763 1162 1103 1240; x_wconf 85' lang='lat' dir='ltr'>postquam</span> <span class='ocrx_word' id='word_1_46' title='bbox 1148 1153 1425 1240; x_wconf 83' lang='lat' dir='ltr'>singulas</span> <span class='ocrx_word' id='word_1_47' title='bbox 1471 1151 2009 1218; x_wconf 79' lang='lat' dir='ltr'>administrandae</span> <span class='ocrx_word' id='word_1_48' title='bbox 2059 1147 2322 1214; x_wconf 85' lang='lat' dir='ltr'>civitatis</span> <span class='ocrx_word' id='word_1_49' title='bbox 2370 1168 2518 1234; x_wconf 85' lang='lat' dir='ltr'>par..</span> 
     </span>
     <span class='ocr_line' id='line_1_8' title="bbox 411 1263 2520 1355; baseline -0.004 -20"><span class='ocrx_word' id='word_1_50' title='bbox 411 1280 508 1335; x_wconf 85' lang='lat' dir='ltr'>tes</span> <span class='ocrx_word' id='word_1_51' title='bbox 567 1266 1007 1335; x_wconf 87' lang='lat' dir='ltr'>consideravit.</span> <span class='ocrx_word' id='word_1_52' title='bbox 1109 1267 1422 1335; x_wconf 81' lang='lat' dir='ltr'>Admonet</span> <span class='ocrx_word' id='word_1_53' title='bbox 1483 1289 1738 1355; x_wconf 78' lang='lat' dir='ltr'>regem,</span> <span class='ocrx_word' id='word_1_54' title='bbox 1794 1276 1861 1331; x_wconf 90' lang='lat' dir='ltr'>ut</span> <span class='ocrx_word' id='word_1_55' title='bbox 1918 1266 2059 1351; x_wconf 90' lang='lat' dir='ltr'>ejus</span> <span class='ocrx_word' id='word_1_56' title='bbox 2110 1264 2232 1327; x_wconf 85' lang='lat' dir='ltr'>vita</span> <span class='ocrx_word' id='word_1_57' title='bbox 2278 1263 2520 1350; x_wconf 88' lang='lat' dir='ltr'>privata</span> 
     </span>
     <span class='ocr_line' id='line_1_9' title="bbox 408 1376 2518 1471; baseline -0.004 -21"><span class='ocrx_word' id='word_1_58' title='bbox 408 1396 475 1450; x_wconf 89' lang='lat' dir='ltr'>et</span> <span class='ocrx_word' id='word_1_59' title='bbox 531 1383 789 1462; x_wconf 79' lang='lat' dir='ltr'>familia,</span> <span class='ocrx_word' id='word_1_60' title='bbox 849 1403 1016 1471; x_wconf 90' lang='lat' dir='ltr'>quae</span> <span class='ocrx_word' id='word_1_61' title='bbox 1075 1403 1219 1448; x_wconf 90' lang='lat' dir='ltr'>cum</span> <span class='ocrx_word' id='word_1_62' title='bbox 1279 1404 1358 1450; x_wconf 92' lang='lat' dir='ltr'>eo</span> <span class='ocrx_word' id='word_1_63' title='bbox 1417 1384 1607 1461; x_wconf 89' lang='lat' dir='ltr'>vivat,</span> <span class='ocrx_word' id='word_1_64' title='bbox 1668 1379 2030 1469; x_wconf 89' lang='lat' dir='ltr'>exemplum</span> <span class='ocrx_word' id='word_1_65' title='bbox 2091 1398 2238 1443; x_wconf 89' lang='lat' dir='ltr'>sese</span> <span class='ocrx_word' id='word_1_66' title='bbox 2296 1376 2518 1442; x_wconf 90' lang='lat' dir='ltr'>subdi-</span> 
     </span>
     <span class='ocr_line' id='line_1_10' title="bbox 407 1497 2519 1587; baseline -0.003 -24"><span class='ocrx_word' id='word_1_67' title='bbox 407 1500 488 1565; x_wconf 83' lang='lat' dir='ltr'>tis</span> <span class='ocrx_word' id='word_1_68' title='bbox 548 1497 845 1566; x_wconf 82' lang='lat' dir='ltr'>exhibeat</span> <span class='ocrx_word' id='word_1_69' title='bbox 906 1508 969 1563; x_wconf 89' lang='lat' dir='ltr'>et</span> <span class='ocrx_word' id='word_1_70' title='bbox 1027 1499 1088 1563; x_wconf 90' lang='lat' dir='ltr'>in</span> <span class='ocrx_word' id='word_1_71' title='bbox 1135 1498 1258 1565; x_wconf 90' lang='lat' dir='ltr'>hoc</span> <span class='ocrx_word' id='word_1_72' title='bbox 1301 1499 1483 1587; x_wconf 86' lang='lat' dir='ltr'>regni</span> <span class='ocrx_word' id='word_1_73' title='bbox 1532 1499 1713 1585; x_wconf 88' lang='lat' dir='ltr'>quasi</span> <span class='ocrx_word' id='word_1_74' title='bbox 1758 1497 1977 1562; x_wconf 90' lang='lat' dir='ltr'>intimo</span> <span class='ocrx_word' id='word_1_75' title='bbox 2035 1513 2325 1570; x_wconf 86' lang='lat' dir='ltr'>recessu,</span> <span class='ocrx_word' id='word_1_76' title='bbox 2380 1502 2519 1557; x_wconf 92' lang='lat' dir='ltr'>tan-</span> 
     </span>
     <span class='ocr_line' id='line_1_11' title="bbox 409 1608 2516 1703; baseline -0.005 -23"><span class='ocrx_word' id='word_1_77' title='bbox 409 1635 605 1703; x_wconf 85' lang='lat' dir='ltr'>quam</span> <span class='ocrx_word' id='word_1_78' title='bbox 651 1615 711 1679; x_wconf 91' lang='lat' dir='ltr'>in</span> <span class='ocrx_word' id='word_1_79' title='bbox 758 1632 954 1700; x_wconf 90' lang='lat' dir='ltr'>parvo</span> <span class='ocrx_word' id='word_1_80' title='bbox 1001 1632 1224 1701; x_wconf 86' lang='lat' dir='ltr'>regno,</span> <span class='ocrx_word' id='word_1_81' title='bbox 1280 1613 1511 1680; x_wconf 89' lang='lat' dir='ltr'>iisdem</span> <span class='ocrx_word' id='word_1_82' title='bbox 1557 1609 1889 1679; x_wconf 89' lang='lat' dir='ltr'>virtutibus</span> <span class='ocrx_word' id='word_1_83' title='bbox 1936 1609 2200 1696; x_wconf 81' lang='lat' dir='ltr'>fulgeat,</span> <span class='ocrx_word' id='word_1_84' title='bbox 2247 1626 2409 1694; x_wconf 89' lang='lat' dir='ltr'>quas</span> <span class='ocrx_word' id='word_1_85' title='bbox 2454 1608 2516 1670; x_wconf 91' lang='lat' dir='ltr'>in</span> 
     </span>
     <span class='ocr_line' id='line_1_12' title="bbox 406 1722 2517 1818; baseline -0.005 -23"><span class='ocrx_word' id='word_1_86' title='bbox 406 1749 640 1818; x_wconf 81' lang='lat' dir='ltr'>magno</span> <span class='ocrx_word' id='word_1_87' title='bbox 696 1747 896 1815; x_wconf 86' lang='lat' dir='ltr'>regno</span> <span class='ocrx_word' id='word_1_88' title='bbox 953 1728 1016 1792; x_wconf 88' lang='lat' dir='ltr'>iu</span> <span class='ocrx_word' id='word_1_89' title='bbox 1061 1730 1248 1793; x_wconf 89' lang='lat' dir='ltr'>variis</span> <span class='ocrx_word' id='word_1_90' title='bbox 1294 1725 1834 1793; x_wconf 78' lang='lat' dir='ltr'>administrandae</span> <span class='ocrx_word' id='word_1_91' title='bbox 1879 1722 2271 1811; x_wconf 88' lang='lat' dir='ltr'>reipublicae</span> <span class='ocrx_word' id='word_1_92' title='bbox 2319 1722 2517 1810; x_wconf 88' lang='lat' dir='ltr'>parti-</span> 
     </span>
    </p>
   </div>
   <div class='ocr_carea' id='block_1_3' title="bbox 407 1839 2513 2036">
    <p class='ocr_par' dir='ltr' id='par_1_4' title="bbox 407 1839 2513 2036">
     <span class='ocr_line' id='line_1_13' title="bbox 407 1839 950 1927; baseline -0.015 -19"><span class='ocrx_word' id='word_1_93' title='bbox 407 1842 529 1908; x_wconf 89' lang='lat' dir='ltr'>bus</span> <span class='ocrx_word' id='word_1_94' title='bbox 574 1839 819 1927; x_wconf 92' lang='lat' dir='ltr'>probat.</span> <span class='ocrx_word' id='word_1_95' title='bbox 867 1883 950 1893; x_wconf 91' lang='grc'>--</span> 
     </span>
     <span class='ocr_line' id='line_1_14' title="bbox 540 1948 2513 2036; baseline -0.002 -18"><span class='ocrx_word' id='word_1_96' title='bbox 540 1950 846 2019; x_wconf 90' lang='lat' dir='ltr'>Videmus</span> <span class='ocrx_word' id='word_1_97' title='bbox 888 1948 1091 2036; x_wconf 83' lang='lat' dir='ltr'>igitur‚</span> <span class='ocrx_word' id='word_1_98' title='bbox 1137 1950 1190 2013; x_wconf 90' lang='lat' dir='ltr'>si</span> <span class='ocrx_word' id='word_1_99' title='bbox 1236 1949 1320 2014; x_wconf 82' lang='lat' dir='ltr'>ad</span> <span class='ocrx_word' id='word_1_100' title='bbox 1367 1949 1580 2015; x_wconf 89' lang='lat' dir='ltr'>omnia</span> <span class='ocrx_word' id='word_1_101' title='bbox 1624 1948 2016 2036; x_wconf 83' lang='lat' dir='ltr'>respicimuS,</span> <span class='ocrx_word' id='word_1_102' title='bbox 2065 1968 2232 2036; x_wconf 89' lang='lat' dir='ltr'>quae</span> <span class='ocrx_word' id='word_1_103' title='bbox 2277 1950 2513 2016; x_wconf 86' lang='lat' dir='ltr'>hucus-</span> 
     </span>
    </p>
   </div>
   <div class='ocr_carea' id='block_1_4' title="bbox 398 2061 2517 4107">
    <p class='ocr_par' dir='ltr' id='par_1_5' title="bbox 398 2061 2517 4107">
     <span class='ocr_line' id='line_1_15' title="bbox 408 2061 2517 2156; baseline -0.001 -24"><span class='ocrx_word' id='word_1_104' title='bbox 408 2088 542 2156; x_wconf 89' lang='lat' dir='ltr'>que</span> <span class='ocrx_word' id='word_1_105' title='bbox 588 2063 992 2131; x_wconf 87' lang='lat' dir='ltr'>tractavimus</span> <span class='ocrx_word' id='word_1_106' title='bbox 1048 2063 1321 2151; x_wconf 83' lang='lat' dir='ltr'>singula,</span> <span class='ocrx_word' id='word_1_107' title='bbox 1379 2066 1696 2129; x_wconf 83' lang='lat' dir='ltr'>Baconem</span> <span class='ocrx_word' id='word_1_108' title='bbox 1757 2063 1818 2128; x_wconf 91' lang='lat' dir='ltr'>in</span> <span class='ocrx_word' id='word_1_109' title='bbox 1881 2061 2174 2128; x_wconf 84' lang='lat' dir='ltr'>omnibus</span> <span class='ocrx_word' id='word_1_110' title='bbox 2234 2062 2517 2150; x_wconf 87' lang='lat' dir='ltr'>partibus</span> 
     </span>
     <span class='ocr_line' id='line_1_16' title="bbox 413 2177 2517 2268; baseline -0.002 -21"><span class='ocrx_word' id='word_1_111' title='bbox 413 2180 950 2247; x_wconf 87' lang='lat' dir='ltr'>administrandae</span> <span class='ocrx_word' id='word_1_112' title='bbox 982 2178 1373 2268; x_wconf 85' lang='lat' dir='ltr'>reipublicae</span> <span class='ocrx_word' id='word_1_113' title='bbox 1402 2179 1625 2242; x_wconf 88' lang='lat' dir='ltr'>miram</span> <span class='ocrx_word' id='word_1_114' title='bbox 1661 2179 1899 2244; x_wconf 90' lang='lat' dir='ltr'>consilii</span> <span class='ocrx_word' id='word_1_115' title='bbox 1931 2177 2331 2265; x_wconf 85' lang='lat' dir='ltr'>prudentiam</span> <span class='ocrx_word' id='word_1_116' title='bbox 2365 2199 2517 2265; x_wconf 87' lang='lat' dir='ltr'>pro-</span> 
     </span>
     <span class='ocr_line' id='line_1_17' title="bbox 412 2292 2513 2381; baseline -0.001 -20"><span class='ocrx_word' id='word_1_117' title='bbox 412 2297 597 2375; x_wconf 90' lang='lat' dir='ltr'>bare,</span> <span class='ocrx_word' id='word_1_118' title='bbox 643 2297 729 2361; x_wconf 88' lang='lat' dir='ltr'>ita</span> <span class='ocrx_word' id='word_1_119' title='bbox 771 2305 841 2361; x_wconf 91' lang='lat' dir='ltr'>ut</span> <span class='ocrx_word' id='word_1_120' title='bbox 887 2294 1210 2374; x_wconf 78' lang='lat' dir='ltr'>omnibuS,</span> <span class='ocrx_word' id='word_1_121' title='bbox 1255 2304 1582 2381; x_wconf 91' lang='lat' dir='ltr'>utcunque</span> <span class='ocrx_word' id='word_1_122' title='bbox 1626 2314 1733 2359; x_wconf 91' lang='lat' dir='ltr'>res</span> <span class='ocrx_word' id='word_1_123' title='bbox 1780 2292 2108 2372; x_wconf 84' lang='lat' dir='ltr'>ceciderit,</span> <span class='ocrx_word' id='word_1_124' title='bbox 2156 2293 2513 2380; x_wconf 88' lang='lat' dir='ltr'>providisse</span> 
     </span>
     <span class='ocr_line' id='line_1_18' title="bbox 410 2408 2513 2498; baseline -0 -21"><span class='ocrx_word' id='word_1_125' title='bbox 410 2408 708 2477; x_wconf 89' lang='lat' dir='ltr'>videatur.</span> <span class='ocrx_word' id='word_1_126' title='bbox 801 2411 1101 2489; x_wconf 85' lang='lat' dir='ltr'>Quamvis</span> <span class='ocrx_word' id='word_1_127' title='bbox 1147 2431 1289 2491; x_wconf 89' lang='lat' dir='ltr'>non,</span> <span class='ocrx_word' id='word_1_128' title='bbox 1335 2410 1501 2477; x_wconf 89' lang='lat' dir='ltr'>sicut</span> <span class='ocrx_word' id='word_1_129' title='bbox 1546 2409 1739 2476; x_wconf 84' lang='lat' dir='ltr'>nostri</span> <span class='ocrx_word' id='word_1_130' title='bbox 1787 2408 2159 2498; x_wconf 78' lang='lat' dir='ltr'>philosophi,</span> <span class='ocrx_word' id='word_1_131' title='bbox 2206 2409 2290 2475; x_wconf 87' lang='lat' dir='ltr'>ad</span> <span class='ocrx_word' id='word_1_132' title='bbox 2336 2431 2513 2476; x_wconf 89' lang='lat' dir='ltr'>sum-</span> 
     </span>
     <span class='ocr_line' id='line_1_19' title="bbox 407 2525 2512 2613; baseline 0 -23"><span class='ocrx_word' id='word_1_133' title='bbox 407 2546 576 2590; x_wconf 88' lang='lat' dir='ltr'>mam</span> <span class='ocrx_word' id='word_1_134' title='bbox 621 2526 830 2613; x_wconf 84' lang='lat' dir='ltr'>legem</span> <span class='ocrx_word' id='word_1_135' title='bbox 880 2535 944 2591; x_wconf 87' lang='lat' dir='ltr'>et</span> <span class='ocrx_word' id='word_1_136' title='bbox 987 2525 1230 2606; x_wconf 91' lang='lat' dir='ltr'>ideam,</span> <span class='ocrx_word' id='word_1_137' title='bbox 1285 2537 1354 2591; x_wconf 89' lang='lat' dir='ltr'>ut</span> <span class='ocrx_word' id='word_1_138' title='bbox 1400 2528 1486 2591; x_wconf 89' lang='lat' dir='ltr'>ita</span> <span class='ocrx_word' id='word_1_139' title='bbox 1535 2525 1772 2606; x_wconf 88' lang='lat' dir='ltr'>dicam,</span> <span class='ocrx_word' id='word_1_140' title='bbox 1820 2526 2087 2591; x_wconf 87' lang='lat' dir='ltr'>civitatis</span> <span class='ocrx_word' id='word_1_141' title='bbox 2133 2526 2512 2603; x_wconf 82' lang='lat' dir='ltr'>ascenderit,</span> 
     </span>
     <span class='ocr_line' id='line_1_20' title="bbox 405 2638 2513 2730; baseline 0 -25"><span class='ocrx_word' id='word_1_142' title='bbox 405 2649 473 2705; x_wconf 92' lang='lat' dir='ltr'>ut</span> <span class='ocrx_word' id='word_1_143' title='bbox 517 2638 665 2705; x_wconf 89' lang='lat' dir='ltr'>inde</span> <span class='ocrx_word' id='word_1_144' title='bbox 713 2639 961 2728; x_wconf 82' lang='lat' dir='ltr'>singula</span> <span class='ocrx_word' id='word_1_145' title='bbox 1006 2651 1354 2729; x_wconf 91' lang='lat' dir='ltr'>praecepta</span> <span class='ocrx_word' id='word_1_146' title='bbox 1400 2652 1601 2729; x_wconf 88' lang='lat' dir='ltr'>petat,</span> <span class='ocrx_word' id='word_1_147' title='bbox 1655 2652 1869 2707; x_wconf 88' lang='lat' dir='ltr'>tamen</span> <span class='ocrx_word' id='word_1_148' title='bbox 1917 2661 2147 2730; x_wconf 80' lang='lat' dir='ltr'>magna</span> <span class='ocrx_word' id='word_1_149' title='bbox 2193 2662 2340 2707; x_wconf 90' lang='lat' dir='ltr'>cum</span> <span class='ocrx_word' id='word_1_150' title='bbox 2390 2642 2513 2706; x_wconf 60' lang='lat' dir='ltr'>eir„</span> 
     </span>
     <span class='ocr_line' id='line_1_21' title="bbox 404 2756 2511 2845; baseline 0.001 -27"><span class='ocrx_word' id='word_1_151' title='bbox 404 2756 878 2840; x_wconf 88' lang='lat' dir='ltr'>cumspectione</span> <span class='ocrx_word' id='word_1_152' title='bbox 938 2776 1161 2823; x_wconf 89' lang='lat' dir='ltr'>omnes</span> <span class='ocrx_word' id='word_1_153' title='bbox 1205 2767 1422 2843; x_wconf 87' lang='lat' dir='ltr'>partes</span> <span class='ocrx_word' id='word_1_154' title='bbox 1466 2757 1773 2845; x_wconf 87' lang='lat' dir='ltr'>respexit,</span> <span class='ocrx_word' id='word_1_155' title='bbox 1833 2767 1896 2821; x_wconf 93' lang='lat' dir='ltr'>et</span> <span class='ocrx_word' id='word_1_156' title='bbox 1940 2757 2004 2820; x_wconf 91' lang='lat' dir='ltr'>in</span> <span class='ocrx_word' id='word_1_157' title='bbox 2050 2757 2307 2843; x_wconf 80' lang='lat' dir='ltr'>singulis</span> <span class='ocrx_word' id='word_1_158' title='bbox 2356 2776 2511 2821; x_wconf 86' lang='lat' dir='ltr'>con-</span> 
     </span>
     <span class='ocr_line' id='line_1_22' title="bbox 400 2866 2507 2956; baseline 0.002 -23"><span class='ocrx_word' id='word_1_159' title='bbox 400 2866 762 2933; x_wconf 78' lang='lat' dir='ltr'>siderandis</span> <span class='ocrx_word' id='word_1_160' title='bbox 808 2868 996 2933; x_wconf 91' lang='lat' dir='ltr'>totius</span> <span class='ocrx_word' id='word_1_161' title='bbox 1040 2868 1434 2956; x_wconf 88' lang='lat' dir='ltr'>reipublicae</span> <span class='ocrx_word' id='word_1_162' title='bbox 1465 2881 1757 2934; x_wconf 89' lang='lat' dir='ltr'>naturam</span> <span class='ocrx_word' id='word_1_163' title='bbox 1784 2889 1940 2955; x_wconf 87' lang='lat' dir='ltr'>prae</span> <span class='ocrx_word' id='word_1_164' title='bbox 1974 2870 2174 2934; x_wconf 89' lang='lat' dir='ltr'>oculis</span> <span class='ocrx_word' id='word_1_165' title='bbox 2208 2867 2507 2937; x_wconf 87' lang='lat' dir='ltr'>habebat.</span> 
     </span>
     <span class='ocr_line' id='line_1_23' title="bbox 401 2979 2510 3069; baseline -0.001 -23"><span class='ocrx_word' id='word_1_166' title='bbox 401 2979 538 3046; x_wconf 89' lang='lat' dir='ltr'>Sed</span> <span class='ocrx_word' id='word_1_167' title='bbox 596 2981 787 3045; x_wconf 89' lang='lat' dir='ltr'>etiam</span> <span class='ocrx_word' id='word_1_168' title='bbox 844 3000 1097 3046; x_wconf 88' lang='lat' dir='ltr'>errores</span> <span class='ocrx_word' id='word_1_169' title='bbox 1157 2982 1295 3068; x_wconf 89' lang='lat' dir='ltr'>ejus</span> <span class='ocrx_word' id='word_1_170' title='bbox 1348 2982 1645 3061; x_wconf 90' lang='lat' dir='ltr'>vidimus,</span> <span class='ocrx_word' id='word_1_171' title='bbox 1704 2982 1813 3069; x_wconf 83' lang='lat' dir='ltr'>qui</span> <span class='ocrx_word' id='word_1_172' title='bbox 1859 2991 1965 3045; x_wconf 86' lang='lat' dir='ltr'>aut</span> <span class='ocrx_word' id='word_1_173' title='bbox 2012 3002 2090 3046; x_wconf 85' lang='lat' dir='ltr'>ex</span> <span class='ocrx_word' id='word_1_174' title='bbox 2137 2980 2510 3068; x_wconf 81' lang='lat' dir='ltr'>imperfecta</span> 
     </span>
     <span class='ocr_line' id='line_1_24' title="bbox 402 3093 2506 3183; baseline 0.001 -24"><span class='ocrx_word' id='word_1_175' title='bbox 402 3096 570 3182; x_wconf 84' lang='lat' dir='ltr'>ejuS,</span> <span class='ocrx_word' id='word_1_176' title='bbox 618 3114 812 3181; x_wconf 88' lang='lat' dir='ltr'>quam</span> <span class='ocrx_word' id='word_1_177' title='bbox 855 3093 1023 3174; x_wconf 88' lang='lat' dir='ltr'>vidit,</span> <span class='ocrx_word' id='word_1_178' title='bbox 1071 3095 1334 3162; x_wconf 87' lang='lat' dir='ltr'>civitatis</span> <span class='ocrx_word' id='word_1_179' title='bbox 1377 3108 1601 3162; x_wconf 87' lang='lat' dir='ltr'>natura</span> <span class='ocrx_word' id='word_1_180' title='bbox 1647 3095 1860 3175; x_wconf 91' lang='lat' dir='ltr'>fluunt,</span> <span class='ocrx_word' id='word_1_181' title='bbox 1905 3106 2011 3161; x_wconf 90' lang='lat' dir='ltr'>aut</span> <span class='ocrx_word' id='word_1_182' title='bbox 2058 3117 2137 3162; x_wconf 84' lang='lat' dir='ltr'>ex</span> <span class='ocrx_word' id='word_1_183' title='bbox 2184 3096 2322 3183; x_wconf 90' lang='lat' dir='ltr'>ejus</span> <span class='ocrx_word' id='word_1_184' title='bbox 2353 3115 2506 3183; x_wconf 91' lang='lat' dir='ltr'>pru-</span> 
     </span>
     <span class='ocr_line' id='line_1_25' title="bbox 402 3208 2503 3301; baseline 0.001 -26"><span class='ocrx_word' id='word_1_185' title='bbox 402 3208 674 3275; x_wconf 90' lang='lat' dir='ltr'>dentiori</span> <span class='ocrx_word' id='word_1_186' title='bbox 744 3210 1000 3296; x_wconf 89' lang='lat' dir='ltr'>saepius</span> <span class='ocrx_word' id='word_1_187' title='bbox 1073 3230 1267 3298; x_wconf 91' lang='lat' dir='ltr'>quam</span> <span class='ocrx_word' id='word_1_188' title='bbox 1337 3213 1603 3300; x_wconf 85' lang='lat' dir='ltr'>sapienti</span> <span class='ocrx_word' id='word_1_189' title='bbox 1675 3212 1935 3279; x_wconf 90' lang='lat' dir='ltr'>consilio</span> <span class='ocrx_word' id='word_1_190' title='bbox 2003 3210 2503 3301; x_wconf 87' lang='lat' dir='ltr'>proficiscuntur.</span> 
     </span>
     <span class='ocr_line' id='line_1_26' title="bbox 402 3321 2507 3419; baseline 0.002 -30"><span class='ocrx_word' id='word_1_191' title='bbox 402 3321 555 3401; x_wconf 90' lang='lat' dir='ltr'>Sed,</span> <span class='ocrx_word' id='word_1_192' title='bbox 602 3322 653 3387; x_wconf 91' lang='lat' dir='ltr'>si</span> <span class='ocrx_word' id='word_1_193' title='bbox 699 3321 1033 3411; x_wconf 91' lang='lat' dir='ltr'>hucusque</span> <span class='ocrx_word' id='word_1_194' title='bbox 1081 3324 1248 3392; x_wconf 91' lang='lat' dir='ltr'>bene</span> <span class='ocrx_word' id='word_1_195' title='bbox 1281 3327 1654 3393; x_wconf 84' lang='lat' dir='ltr'>constitutae</span> <span class='ocrx_word' id='word_1_196' title='bbox 1695 3326 2085 3419; x_wconf 89' lang='lat' dir='ltr'>reipublicae</span> <span class='ocrx_word' id='word_1_197' title='bbox 2120 3338 2407 3394; x_wconf 86' lang='lat' dir='ltr'>naturam</span> <span class='ocrx_word' id='word_1_198' title='bbox 2441 3339 2507 3393; x_wconf 93' lang='lat' dir='ltr'>et</span> 
     </span>
     <span class='ocr_line' id='line_1_27' title="bbox 401 3436 2503 3528; baseline 0.002 -26"><span class='ocrx_word' id='word_1_199' title='bbox 401 3438 580 3527; x_wconf 82' lang='lat' dir='ltr'>leges</span> <span class='ocrx_word' id='word_1_200' title='bbox 636 3436 1071 3524; x_wconf 82' lang='lat' dir='ltr'>cognovimuS,</span> <span class='ocrx_word' id='word_1_201' title='bbox 1130 3452 1194 3505; x_wconf 91' lang='lat' dir='ltr'>et</span> <span class='ocrx_word' id='word_1_202' title='bbox 1248 3438 1479 3528; x_wconf 89' lang='lat' dir='ltr'>quibus</span> <span class='ocrx_word' id='word_1_203' title='bbox 1541 3441 1815 3506; x_wconf 88' lang='lat' dir='ltr'>consiliis</span> <span class='ocrx_word' id='word_1_204' title='bbox 1877 3443 2157 3528; x_wconf 90' lang='lat' dir='ltr'>potentia</span> <span class='ocrx_word' id='word_1_205' title='bbox 2204 3443 2343 3528; x_wconf 86' lang='lat' dir='ltr'>ejus</span> <span class='ocrx_word' id='word_1_206' title='bbox 2388 3462 2503 3507; x_wconf 88' lang='lat' dir='ltr'>au-</span> 
     </span>
     <span class='ocr_line' id='line_1_28' title="bbox 399 3550 2501 3641; baseline -0 -23"><span class='ocrx_word' id='word_1_207' title='bbox 399 3563 643 3641; x_wconf 84' lang='lat' dir='ltr'>geatur,</span> <span class='ocrx_word' id='word_1_208' title='bbox 687 3571 856 3618; x_wconf 90' lang='lat' dir='ltr'>nunc</span> <span class='ocrx_word' id='word_1_209' title='bbox 900 3550 1243 3632; x_wconf 80' lang='lat' dir='ltr'>videamuS‚</span> <span class='ocrx_word' id='word_1_210' title='bbox 1290 3551 1524 3640; x_wconf 89' lang='lat' dir='ltr'>quibus</span> <span class='ocrx_word' id='word_1_211' title='bbox 1570 3552 1873 3619; x_wconf 88' lang='lat' dir='ltr'>remediis</span> <span class='ocrx_word' id='word_1_212' title='bbox 1921 3563 2213 3621; x_wconf 89' lang='lat' dir='ltr'>occurrat</span> <span class='ocrx_word' id='word_1_213' title='bbox 2242 3556 2501 3620; x_wconf 89' lang='lat' dir='ltr'>internis</span> 
     </span>
     <span class='ocr_line' id='line_1_29' title="bbox 402 3667 2500 3756; baseline 0.002 -25"><span class='ocrx_word' id='word_1_214' title='bbox 402 3668 598 3747; x_wconf 82' lang='lat' dir='ltr'>maliS,</span> <span class='ocrx_word' id='word_1_215' title='bbox 643 3686 811 3756; x_wconf 89' lang='lat' dir='ltr'>quae</span> <span class='ocrx_word' id='word_1_216' title='bbox 858 3687 1002 3733; x_wconf 89' lang='lat' dir='ltr'>cum</span> <span class='ocrx_word' id='word_1_217' title='bbox 1049 3668 1109 3732; x_wconf 90' lang='lat' dir='ltr'>vi</span> <span class='ocrx_word' id='word_1_218' title='bbox 1146 3677 1520 3754; x_wconf 90' lang='lat' dir='ltr'>errumpunt</span> <span class='ocrx_word' id='word_1_219' title='bbox 1557 3677 1620 3733; x_wconf 93' lang='lat' dir='ltr'>et</span> <span class='ocrx_word' id='word_1_220' title='bbox 1653 3667 1927 3734; x_wconf 90' lang='lat' dir='ltr'>subitam</span> <span class='ocrx_word' id='word_1_221' title='bbox 1962 3670 2056 3735; x_wconf 91' lang='lat' dir='ltr'>rei</span> <span class='ocrx_word' id='word_1_222' title='bbox 2089 3669 2500 3735; x_wconf 86' lang='lat' dir='ltr'>mutationem</span> 
     </span>
     <span class='ocr_line' id='line_1_30' title="bbox 403 3781 2496 3870; baseline 0.002 -24"><span class='ocrx_word' id='word_1_223' title='bbox 403 3781 729 3848; x_wconf 91' lang='lat' dir='ltr'>minantur.</span> <span class='ocrx_word' id='word_1_224' title='bbox 833 3783 909 3847; x_wconf 90' lang='lat' dir='ltr'>Ut</span> <span class='ocrx_word' id='word_1_225' title='bbox 955 3782 1233 3870; x_wconf 88' lang='lat' dir='ltr'>apertius</span> <span class='ocrx_word' id='word_1_226' title='bbox 1281 3782 1420 3869; x_wconf 91' lang='lat' dir='ltr'>ejus</span> <span class='ocrx_word' id='word_1_227' title='bbox 1466 3783 1810 3849; x_wconf 86' lang='lat' dir='ltr'>sententias</span> <span class='ocrx_word' id='word_1_228' title='bbox 1858 3783 1938 3852; x_wconf 90' lang='lat' dir='ltr'>de</span> <span class='ocrx_word' id='word_1_229' title='bbox 1986 3785 2106 3851; x_wconf 86' lang='lat' dir='ltr'>hac</span> <span class='ocrx_word' id='word_1_230' title='bbox 2152 3806 2224 3852; x_wconf 87' lang='lat' dir='ltr'>re</span> <span class='ocrx_word' id='word_1_231' title='bbox 2272 3784 2496 3851; x_wconf 89' lang='lat' dir='ltr'>intelli-</span> 
     </span>
     <span class='ocr_line' id='line_1_31' title="bbox 398 3897 2494 3988; baseline 0.005 -29"><span class='ocrx_word' id='word_1_232' title='bbox 398 3915 658 3983; x_wconf 65' lang='lat' dir='ltr'>gamm,</span> <span class='ocrx_word' id='word_1_233' title='bbox 710 3897 1034 3964; x_wconf 87' lang='lat' dir='ltr'>veniamus</span> <span class='ocrx_word' id='word_1_234' title='bbox 1081 3897 1164 3962; x_wconf 84' lang='lat' dir='ltr'>ad</span> <span class='ocrx_word' id='word_1_235' title='bbox 1210 3906 1546 3963; x_wconf 86' lang='lat' dir='ltr'>tractatum</span> <span class='ocrx_word' id='word_1_236' title='bbox 1592 3901 1655 3964; x_wconf 90' lang='lat' dir='ltr'>in</span> <span class='ocrx_word' id='word_1_237' title='bbox 1702 3900 1840 3988; x_wconf 85' lang='lat' dir='ltr'>ejus</span> <span class='ocrx_word' id='word_1_238' title='bbox 1886 3901 2287 3969; x_wconf 84' lang='lat' dir='ltr'>sermonibus</span> <span class='ocrx_word' id='word_1_239' title='bbox 2331 3900 2494 3969; x_wconf 89' lang='lat' dir='ltr'>fide-</span> 
     </span>
     <span class='ocr_line' id='line_1_32' title="bbox 400 4008 2239 4107; baseline 0.003 -32"><span class='ocrx_word' id='word_1_240' title='bbox 400 4008 593 4089; x_wconf 82' lang='lat' dir='ltr'>libus,</span> <span class='ocrx_word' id='word_1_241' title='bbox 641 4012 749 4099; x_wconf 87' lang='lat' dir='ltr'>qui</span> <span class='ocrx_word' id='word_1_242' title='bbox 796 4012 880 4080; x_wconf 92' lang='lat' dir='ltr'>de</span> <span class='ocrx_word' id='word_1_243' title='bbox 927 4010 1342 4088; x_wconf 88' lang='lat' dir='ltr'>seditionibus</span> <span class='ocrx_word' id='word_1_244' title='bbox 1389 4022 1454 4079; x_wconf 90' lang='lat' dir='ltr'>et</span> <span class='ocrx_word' id='word_1_245' title='bbox 1498 4012 1699 4082; x_wconf 90' lang='lat' dir='ltr'>turbis</span> <span class='ocrx_word' id='word_1_246' title='bbox 1748 4017 2082 4107; x_wconf 86' lang='lat' dir='ltr'>inscriptus</span> <span class='ocrx_word' id='word_1_247' title='bbox 2130 4029 2239 4084; x_wconf 91' lang='lat' dir='ltr'>est.</span> 
     </span>
    </p>
   </div>
   <div class='ocr_carea' id='block_1_5' title="bbox 1241 4312 1656 4323">
    <p class='ocr_par' dir='ltr' id='par_1_6' title="bbox 1241 4312 1656 4323">
     <span class='ocr_line' id='line_1_33' title="bbox 1241 4312 1656 4323; baseline 0 -2"><span class='ocrx_word' id='word_1_248' title='bbox 1241 4312 1656 4323; x_wconf 54' lang='grc' dir='ltr'>ψ-</span> 
     </span>
    </p>
   </div>
  </div>
 </body>
</html>
