2998 4863
1251 401 1686 466 -51-

509 584 656 642 runt
712 582 775 639 et
835 570 1266 645 obtinuerunt:
1333 574 1456 640 hoc
1503 575 1671 639 enim
1719 572 2169 640 confidentiam
2214 575 2402 660 parit,
2461 586 2524 642 et

511 708 767 755 omnem
812 684 1090 773 lapidem
1139 684 1506 766 movebunt,
1551 709 1681 777 quo
1723 689 1913 756 veluti
1959 688 2521 775 praescriptionem

508 810 858 872 tueantur.“

594 919 663 985 In
718 917 843 983 hoc
902 915 1110 1002 capite
1154 915 1476 998 videmus,
1547 936 1676 1006 qua
1730 914 2068 1005 prudentia
2123 927 2189 983 et
2246 917 2524 984 sollertia

418 1038 585 1102 Baco
652 1031 914 1122 singulis
982 1029 1426 1098 occasionibus
1495 1042 1561 1098 et
1628 1029 2095 1101 conditionibus
2160 1033 2521 1121 prospiciat.

416 1149 759 1218 Prudentia
814 1147 978 1212 haec
1032 1146 1288 1212 sensilia
1357 1145 1464 1229 ab,
1493 1146 1855 1214 Elisabetha
1910 1156 1974 1212 et
2028 1146 2104 1212 iis
2169 1147 2348 1226 viris,
2416 1147 2528 1235 qui

413 1265 683 1354 negotiis
739 1262 930 1351 hujus
972 1263 1235 1351 reginae
1280 1272 1635 1350 praeerant,
1693 1261 2019 1328 didicerat.
2110 1257 2526 1349 Legationum

412 1380 588 1447 enim
642 1388 841 1458 artes,
911 1397 1186 1466 quarum
1231 1378 1495 1444 Romani
1549 1387 1795 1443 tantum
1850 1376 2041 1464 legati
2098 1385 2287 1442 antea
2342 1375 2529 1464 periti

415 1504 627 1574 erant,
685 1493 822 1582 jam
875 1514 1045 1559 nunc
1092 1492 1175 1559 ad
1224 1493 1379 1559 alias
1425 1492 1605 1558 aulas
1648 1492 2052 1571 transierant,
2119 1491 2206 1556 ita
2248 1502 2318 1556 ut
2362 1491 2528 1557 inter

412 1610 668 1699 negotia
730 1605 1098 1674 difficillima
1151 1608 1512 1696 legatorum
1566 1607 1843 1696 quisque
1897 1605 2271 1695 paciscendi
2330 1605 2528 1672 sacili-

413 1735 573 1804 tate‚
643 1724 1053 1793 consiliorum
1121 1721 1463 1789 calliditate
1532 1721 2035 1788 imbecillitatum
2104 1731 2169 1787 et
2233 1721 2529 1786 vitiorum

413 1838 840 1904 humanorum
887 1836 1265 1921 cognitione,
1313 1842 1566 1899 ceteros
1608 1834 1866 1901 vincere
1909 1835 2217 1902 studeret.
2308 1837 2528 1921 Quare

418 1951 543 2014 hae
564 1959 736 2013 artes
772 1947 858 2010 ad
896 1954 1104 2010 artem
1147 1945 1470 2031 politicam
1513 1944 1954 2013 referebantur
2000 1959 2064 2012 et
2091 1949 2260 2014 Baco
2303 1947 2530 2014 harum

423 2061 651 2125 artium
696 2060 1083 2126 lineamenta
1129 2056 1506 2125 describere
1549 2079 1679 2125 non
1723 2059 1843 2126 abs
1887 2081 1961 2126 re
2008 2080 2156 2128 esse
2201 2062 2453 2149 putavit.

994 2469 1060 2534 V.
1149 2468 1254 2533 DE
1299 2467 1499 2534 PACE
1545 2468 1639 2535 ET
1679 2469 1947 2537 BELLO.

464 2638 552 2722 ⁸⁹)
597 2635 894 2716 „Nullum
941 2636 1198 2703 omnino
1244 2656 1503 2726 corpus,
1549 2638 1684 2706 sive
1727 2639 1808 2704 sit
1850 2638 2008 2704 illud
2041 2639 2346 2718 naturale,
2390 2639 2525 2705 sive

499 2751 851 2839 politicum,
920 2750 1173 2840 absque
1232 2752 1686 2821 exercitatione
1742 2755 2077 2821 sanitatem
2131 2775 2314 2820 suam
2359 2755 2527 2821 tueri

501 2876 714 2952 queat.
804 2868 1025 2953 Regno
1082 2876 1301 2932 autem
1368 2876 1476 2930 aut
1544 2866 1963 2953 reipublicae,
2018 2869 2262 2954 justum
2329 2881 2526 2954 atque

501 2977 923 3044 honorificum
993 2977 1234 3043 bellum
1299 2978 1445 3046 loco
1516 2977 1788 3044 salubris
1868 2981 2332 3046 exercitationis
2412 2989 2525 3051 est.

501 3092 749 3158 Bellum
806 3092 986 3159 civile
1057 3093 1344 3180 profecto
1410 3093 1609 3158 instar
1675 3092 1904 3159 caloris
1972 3092 2210 3159 febrilis
2281 3103 2405 3172 est;
2464 3105 2529 3159 at

503 3205 743 3273 bellum
791 3218 1124 3275 externum
1167 3209 1363 3274 instar
1406 3206 1636 3274 caloris
1685 3226 1763 3274 ex
1793 3219 1984 3288 motu,
2032 3208 2140 3298 qui
2183 3209 2528 3276 valetudini

505 3322 789 3409 inprimis
848 3322 1161 3390 conducit.
1251 3325 1342 3389 Ex
1396 3343 1560 3412 pace
1631 3322 1802 3389 enim
1871 3323 2097 3391 deside
2154 3335 2348 3413 atque
2402 3336 2528 3391 tor-

506 3446 699 3525 pente
723 3447 788 3503 et
820 3437 1221 3504 emolliuntur
1252 3440 1441 3504 animi
1474 3451 1541 3505 et
1571 3448 2060 3525 corrumpuntur
2088 3460 2320 3504 mores.
2389 3440 2528 3507 Sed

505 3561 831 3640 utcunque
877 3572 984 3618 res
1029 3572 1101 3619 se
1157 3550 1418 3633 habeat,
1485 3560 1802 3640 quatenus
1859 3552 1945 3616 ad
2002 3552 2268 3639 alicujus
2326 3562 2528 3619 status

505 3667 900 3748 felicitatem,
944 3666 1392 3757 magnitudinis
1437 3663 1863 3755 proculdubio
1908 3666 2186 3747 interest,
2233 3677 2301 3732 ut
2344 3671 2525 3757 quasi

504 3803 763 3871 semper
809 3783 873 3850 in
917 3784 1110 3850 armis
1156 3784 1289 3849 sit.“

465 3900 559 3986 ⁹⁰)
606 3898 940 3980 „Besides,
998 3900 1045 3965 it
1099 3899 1154 3965 is
1199 3919 1239 3964 a
1282 3894 1495 3964 better
1541 3893 1861 3963 condition
1907 3897 1978 3963 of
2016 3898 2258 3966 inward
2306 3920 2526 3989 peace,

556 4172 653 4239 89)
696 4170 873 4227 Serm.
911 4172 1057 4230 fidel.
1115 4174 1197 4230 De
1234 4173 1591 4246 proferendis
1627 4171 1778 4231 finib.
1818 4173 2015 4242 imper.
2052 4174 2208 4228 Tom.
2236 4174 2303 4231 X.
2344 4190 2399 4242 p.
2435 4174 2523 4229 86.

556 4260 649 4327 9⁰)
693 4258 982 4316 Observat.
1019 4276 1096 4316 on
1136 4279 1167 4317 a
1202 4261 1334 4317 libel
1370 4276 1524 4331 saep.
1556 4259 1673 4330 jam
1712 4261 1800 4315 cit.
1836 4259 1954 4314 Vol.
1978 4260 2060 4313 111.
2098 4278 2153 4330 p.
2191 4264 2277 4317 69.

2012 4358 2106 4421 4*
