2998 4863
457 543 652 609 betha
697 542 999 631 abrogata
1046 542 1319 623 fuerant3
1368 553 1433 608 et
1478 561 1647 630 quae
1681 561 1833 609 reus
1865 542 2028 607 inter
2064 550 2378 607 tormenta
2407 563 2560 609 con-

458 660 667 724 fessus
714 667 831 740 est,
877 667 1097 722 contra
1143 678 1292 723 eum
1338 655 1642 724 adhibuit.
1712 655 1869 722 Cum
1893 657 2027 744 jam
2059 676 2283 724 omnes
2311 655 2563 745 judices

458 795 496 838 a
550 773 804 839 Bacone
877 774 1158 860 corrupti
1214 782 1462 855 essent,
1530 769 1910 859 jamdudum
1967 772 2104 860 ejus
2161 770 2564 838 adversarius

439 887 628 953 *Lord
677 887 850 953 Coke
896 889 1149 955 restitit:
1210 907 1357 953 mox
1398 895 1461 952 et
1505 885 1611 952 hic
1658 886 1852 952 cessit
1897 887 2249 952 auctoritati
2293 887 2564 953 Bacenis

459 1014 523 1068 et
578 1002 796 1069 Jacobi
852 1003 1042 1090 regis,
1144 1002 1362 1068 Infelix
1405 1001 1511 1067 ille
1559 1000 2018 1067 condemnatus
2065 1010 2162 1068 est
2208 1012 2272 1067 et
2313 1002 2379 1066 in
2425 1021 2567 1068 car-

459 1138 610 1184 cere
680 1116 848 1184 obiit.
911 1160 989 1171 -
1061 1118 1356 1183 Profecto
1415 1115 1499 1181 de
1557 1116 1810 1182 Bacone
1867 1115 2008 1203 ipso
2068 1114 2412 1181 dicendum
2469 1125 2569 1181 est

461 1232 638 1322 quod
686 1231 862 1298 dixit:
966 1232 1210 1317 „Sunt
1265 1231 1417 1299 viri
1475 1231 1817 1296 scientia
1877 1240 2256 1319 tanquam
2311 1230 2568 1319 angeli

459 1347 676 1427 alati,
756 1346 1341 1436 cupiditatibus
1417 1366 1606 1411 vero
1686 1354 2055 1434 tanquam
2133 1356 2572 1435 serpenteS,

461 1462 594 1550 qui
639 1461 847 1528 humi
892 1467 1402 1550 reptant“¹³⁵).
1479 1457 1618 1527 Sed
1648 1458 1998 1542 videamus,
2030 1479 2199 1548 quae
2229 1481 2421 1548 porro
2463 1480 2570 1527 se-

466 1588 761 1665 quuntur.
846 1577 1028 1641 Prius
1076 1595 1272 1663 quam
1296 1574 1695 1639 Sommerset
1741 1594 1821 1638 ex
1865 1573 1992 1639 alto
2024 1572 2337 1662 dignitatis
2368 1573 2572 1663 gradu

459 1691 1005 1778 praecipitaretur,
1055 1711 1252 1778 quem
1297 1688 1653 1754 facinorum
1689 1708 1959 1754 suorum
2005 1687 2425 1778 (Overbury’s
2455 1709 2572 1756 ve-

461 1801 765 1894 nificium)
827 1804 1135 1870 memoria
1194 1801 1631 1883 excruciabat,
1685 1804 1880 1884 Baco,
1940 1804 2049 1892 qui
2102 1804 2302 1869 multo
2346 1804 2574 1871 mentis

462 1919 756 1985 acumine
812 1920 874 1985 in
936 1919 1129 1986 domo
1182 1919 1379 2008 regiS,
1440 1937 1610 2008 quae
1656 1916 2054 2006 agitabantur
2099 1919 2574 2007 circumspicie-

462 2032 588 2114 bat,
631 2034 787 2100 vidit
829 2054 1117 2102 amorem
1164 2043 1228 2100 et
1272 2032 1568 2114 studium,
1615 2053 1745 2122 quo
1789 2053 1906 2099 rex
1954 2033 2300 2122 Georgium
2328 2034 2574 2102 Villiers

464 2150 735 2217 caeteris
793 2149 1220 2237 praeferebat.
1318 2149 1463 2215 Mox
1507 2150 1764 2238 irrepsit
1808 2149 1871 2213 in
1916 2148 2183 2238 gratiam
2224 2148 2414 2236 hujus
2456 2149 2575 2216 ad-

464 2264 805 2331 olescentis
852 2266 1026 2331 saevi
1073 2274 1137 2329 et
1182 2262 1459 2350 prodigi,
1519 2283 1718 2352 quem
1771 2263 1942 2328 omni
1987 2262 2183 2330 modo
2227 2263 2465 2353 adjuvit
2509 2274 2575 2332 et

464 2378 772 2466 provexit.
875 2378 1023 2459 Qui,
1070 2398 1217 2445 cum
1261 2377 1359 2443 his
1406 2376 1651 2443 auxiliis
1696 2375 1952 2465 adjutus
1998 2377 2084 2445 ad
2129 2378 2325 2445 altum
2371 2378 2577 2469 digni-

464 2493 607 2558 tatis
653 2492 923 2580 gradum
968 2494 1394 2581 pervenisset,
1453 2501 1670 2556 mutua
1712 2493 1946 2558 Baconi
1993 2492 2202 2562 officia
2248 2495 2575 2582 praestitit.

462 2606 557 2673 lta
598 2608 767 2673 Baco
815 2612 987 2677 1616
1033 2608 1312 2696 privatus
1360 2606 1752 2673 consiliarius
1791 2605 1874 2671 ab
1905 2608 2137 2676 intimis
2166 2611 2338 2699 regis
2370 2610 2577 2678 factus

466 2733 592 2804 est3
642 2743 807 2789 anno
867 2724 1071 2806 1617,
1118 2742 1265 2789 cum
1312 2742 1532 2789 comes
1576 2721 1891 2812 Brackley
1945 2721 2071 2788 hoc
2116 2743 2381 2792 munere
2425 2745 2575 2792 sese

466 2836 861 2921 abdicasset,
918 2859 1206 2905 summus
1265 2836 1448 2927 sigilli
1510 2847 1740 2904 custos
1838 2837 2054 2903 Mense
2111 2838 2274 2928 Majo
2322 2839 2427 2906 die
2470 2841 2573 2906 Vn

464 2952 637 3021 hunc
682 2955 1118 3043 magistratum
1164 2954 1387 3020 adiens
1433 2953 1748 3042 insignem
1782 2953 2135 3019 orationem
2164 2953 2400 3036 habuit,
2449 2976 2577 3046 qua

465 3090 769 3158 magnam
817 3069 900 3136 de
949 3091 1023 3137 se
1068 3070 1217 3135 fecit
1261 3089 1447 3156 spem
1469 3070 1590 3159 136).
1659 3069 1862 3136 Nemo
1908 3068 2081 3135 novit
2111 3069 2338 3136 melius
2369 3069 2576 3138 officia

468 3202 614 3263 sua,
659 3198 852 3250 nemo
895 3185 1143 3272 turpius
1187 3183 1479 3272 neglexit.

642 3300 981 3386 Nunquam
1035 3297 1296 3386 Angliae
1353 3298 1520 3363 vires
1578 3300 1779 3387 magis
1837 3297 2190 3386 depressae
2250 3309 2313 3365 et
2367 3300 2575 3365 immi-

467 3423 686 3493 nutae,
723 3412 1111 3502 judiciorum
1157 3412 1497 3479 auctoritas
1542 3414 1743 3501 magis
1791 3412 2132 3494 debilitata,
2185 3414 2575 3503 reipublicae

468 3530 777 3613 potentia,
848 3548 976 3617 qua
1047 3537 1342 3594 externos
1400 3525 1672 3613 populos
1732 3527 1997 3610 domuit,
2063 3530 2266 3617 magis
2324 3527 2576 3615 dejecta

469 3640 833 3716 videbatur,
880 3663 1076 3731 quam
1120 3642 1240 3708 iliis
1286 3642 1491 3720 anniS,
1553 3661 1698 3708 cum
1743 3645 1912 3711 Baco
1959 3644 2223 3710 summis
2268 3638 2574 3727 reipubli-

471 3773 586 3818 cae
635 3757 903 3842 negotiis
948 3768 1292 3844 praeesset.
1384 3743 1686 3824 Videmus
1734 3759 2078 3825 catholicos
2125 3759 2187 3823 in
2236 3756 2573 3822 Germania

611 3967 733 4040 135)
771 3968 853 4022 De
891 3969 1083 4038 Augm.
1123 3971 1319 4028 scient.
1377 3970 1493 4025 Lib.
1532 3971 1595 4026 V.
1651 3986 1697 4025 c.
1738 3971 1773 4023 1.
1836 3971 2017 4038 (Tom.
2057 3970 2165 4026 VII.
2220 3987 2275 4041 p.
2314 3969 2456 4041 243.)

610 4057 731 4130 136)
766 4057 883 4112 The
920 4058 1085 4113 eflect
1120 4058 1183 4113 of
1217 4058 1330 4113 that
1364 4058 1552 4115 which
1576 4074 1696 4113 was
1721 4057 1940 4128 spoken
1964 4057 2161 4130 hythe
2188 4058 2336 4115 Lord
2352 4059 2574 4129 Keeper

468 4147 530 4202 of
564 4145 654 4201 the
691 4150 847 4216 great
880 4146 997 4202 seal
1034 4147 1097 4201 of
1126 4146 1401 4216 England,
1452 4152 1507 4202 at
1550 4146 1641 4202 the
1679 4144 1864 4217 taking
1901 4147 1964 4204 of
1993 4146 2081 4204 his
2118 4148 2278 4219 place
2314 4148 2372 4205 in
2408 4144 2574 4203 chan-

469 4250 620 4306 cery.
697 4236 850 4291 Tom.
888 4235 970 4293 1V.
1011 4253 1065 4306 p.
1104 4238 1222 4294 486.
