2998 4863
1277 347 1710 417 ..55....

442 524 638 591 ternis
684 521 1061 601 civitatibus;
1103 543 1275 589 nunc
1321 523 1404 589 ad
1454 524 1801 591 inimicitias
1849 523 2150 611 bellaque
2197 526 2430 603 transit,
2475 536 2542 592 et

442 639 506 704 in
550 638 675 704 hoc
715 637 944 725 capite,
988 656 1155 725 quae
1186 637 1443 725 profert,
1489 659 1616 705 non
1647 640 1797 706 satis
1825 636 2340 707 commendanda
2381 649 2540 705 sunt.

442 756 677 820 Pacem
745 751 1009 841 quidem
1077 762 1333 839 exoptat
1388 763 1453 818 et
1507 752 1805 820 omnibus
1861 753 2013 821 belli
2071 751 2541 823 discriminibus

440 867 930 957 praeferendam
978 866 1170 951 ducit,
1216 865 1337 933 sed
1382 865 1624 934 bellum
1665 868 1951 956 praefert
1981 866 2339 934 imbecillae
2383 870 2544 954 paci,

438 1004 611 1072 quae
677 985 956 1050 internas
1026 981 1418 1071 reipublicae
1485 982 1653 1050 vires
1720 984 2035 1051 consumit
2093 994 2158 1049 et
2219 983 2541 1049 imminuit.

440 1100 636 1183 Recte
690 1097 883 1165 videt¹
915 1099 1088 1186 justo
1148 1097 1345 1168 bello,
1373 1118 1502 1165 non
1562 1096 1835 1185 deprimi
1893 1107 1957 1163 et
1995 1097 2314 1165 exhauriri
2359 1099 2543 1175 virae,

438 1212 559 1281 sed
605 1215 814 1302 potius
860 1233 1159 1281 crescere
1205 1214 1267 1279 in
1314 1211 1763 1281 exercitatione
1819 1212 2076 1279 virtutis.
2166 1215 2326 1280 Nam
2374 1232 2541 1300 quae

435 1331 516 1397 sit
573 1330 760 1417 copia
815 1328 1036 1395 virium
1080 1338 1152 1394 et
1210 1328 1451 1394 virtutis
1506 1328 1571 1393 in
1624 1326 1809 1394 bellis
1856 1327 2280 1414 cognoscitur.
2367 1325 2543 1393 Bella

434 1466 565 1511 non
634 1444 865 1510 frustra
928 1443 1391 1531 suscipiuntur,
1458 1442 1580 1510 sed
1638 1441 1817 1531 quod
1873 1450 2071 1509 status
2145 1440 2409 1506 civitatis
2475 1449 2542 1505 et

433 1559 622 1639 rati0,
688 1579 818 1648 qua
863 1557 947 1625 ad
993 1559 1149 1626 alios
1191 1559 1468 1625 refertur
1515 1568 1580 1624 et
1623 1559 1687 1623 in
1734 1576 1863 1646 qua
1909 1554 2180 1643 dignitas
2226 1565 2293 1621 et
2335 1554 2544 1623 honor

432 1684 503 1741 et
524 1695 864 1749 „summum
908 1675 1048 1763 ejus
1087 1676 1194 1762 jus
1246 1675 1441 1741 situm
1496 1684 1625 1753 est,
1689 1672 1868 1761 gravi
1921 1671 2148 1759 injuria
2204 1668 2290 1736 ab
2346 1669 2546 1737 altera

438 1789 685 1855 civitate
733 1787 966 1854 afflicta
1011 1798 1135 1866 est;
1196 1798 1261 1853 et
1318 1807 1468 1852 cum
1510 1787 1701 1852 totius
1749 1786 1963 1874 populi
2009 1786 2198 1853 animi
2242 1786 2544 1873 viresque

443 1900 820 1975 excitentur,
886 1908 956 1961 ut
1013 1899 1183 1961 omni
1239 1899 1482 1963 ratione
1538 1898 1806 1984 patriam
1860 1917 2039 1962 suam
2088 1897 2437 1964 defendere
2484 1908 2547 1963 et

443 2012 701 2097 injurias
759 2009 1139 2097 propulsare
1197 2020 1531 2090 conentur,
1600 2009 1896 2076 omnibus
1961 2008 2302 2076 levioribus
2371 2031 2544 2077 com-

443 2124 654 2191 modis
711 2124 1035 2212 neglectiS,
1104 2144 1246 2190 eam
1302 2124 1659 2204 utilitatem,
1728 2144 1921 2213 quam
1979 2125 2041 2191 in
2096 2144 2345 2190 summo
2403 2124 2545 2191 loco

444 2251 712 2328 ponunt,
768 2239 1044 2306 retinere
1101 2238 1384 2320 student,
1453 2260 1733 2328 cumque
1789 2240 2032 2327 patriae
2077 2238 2435 2306 libertatem
2483 2249 2546 2305 et

434 2356 580 2444 jura
624 2355 789 2420 vitae
836 2373 993 2418 snae
1037 2354 1429 2441 praeferant,
1485 2376 1559 2421 se
1603 2355 1726 2444 ipsi
1772 2375 1924 2422 vera
1965 2353 2260 2423 libertate
2307 2353 2545 2445 dignis-

434 2470 633 2535 simos
691 2468 1146 2540 demonstrant.
1234 2472 1327 2535 lta
1385 2472 1676 2559 quamvis
1727 2470 1814 2537 ad
1861 2482 2113 2560 tempus
2157 2471 2350 2551 vireS,
2420 2472 2544 2537 rei-

432 2582 735 2672 publicae
779 2586 1029 2651 attritae
1074 2595 1142 2651 et
1186 2585 1458 2653 afflictae
1508 2588 1657 2668 sint,
1713 2586 1999 2654 internae
2042 2597 2258 2655 tamen
2304 2606 2545 2674 augen-

426 2709 539 2765 etur
594 2709 659 2767 et
717 2711 1040 2780 creseunt,
1108 2702 1195 2766 ita
1246 2712 1317 2767 ut
1371 2702 1641 2770 honesta
1685 2723 1811 2790 pax
1858 2725 1938 2770 ex
1982 2702 2346 2770 discrimine
2390 2699 2542 2766 belli

430 2812 892 2901 proficiscatur.
992 2817 1171 2881 Haec
1226 2819 1438 2883 omnia
1494 2819 1667 2883 clare
1726 2817 1877 2883 vidit
1927 2819 2123 2894 Baco,
2193 2817 2384 2881 etiam
2437 2834 2543 2880 sa-

439 2926 835 3014 pientissima
882 2926 1062 2993 dedit
1108 2929 1367 2994 consilia
1412 2928 1498 2994 ad
1541 2929 1713 2994 bella
1745 2928 2190 3017 praeparanda
2220 2939 2284 2994 et
2313 2929 2543 2994 instru-

444 3039 625 3108 enda.
727 3040 917 3119 Quod
980 3043 1335 3131 proposuit,
1401 3053 1469 3107 ut
1528 3043 1712 3129 quasi
1769 3063 2028 3130 semper
2084 3043 2147 3106 in
2214 3041 2409 3106 armis
2466 3040 2544 3104 sit

436 3154 830 3242 respublica,
894 3168 1211 3225 nostrates
1256 3156 1510 3237 meliuS,
1573 3177 1772 3245 quam
1831 3157 1937 3223 illa
1993 3167 2197 3237 aetas,
2265 3155 2542 3223 assecuti

436 3279 609 3349 sunt,
674 3291 827 3335 cum
883 3271 1112 3340 florem
1168 3283 1233 3341 et
1286 3272 1483 3340 robur
1540 3272 1758 3362 populi
1811 3286 2103 3362 paratum
2159 3293 2418 3361 semper
2478 3287 2543 3338 et

443 3383 858 3451 exercitatum
903 3386 986 3452 ad
1031 3388 1202 3455 bella
1245 3388 1535 3478 gerenda
1578 3389 1906 3456 instruant.
1994 3388 2333 3454 Praeclare
2361 3385 2536 3470 dicit,

431 3499 670 3589 justitia
738 3498 1052 3566 civitatem
1122 3503 1280 3569 civili
1342 3502 1518 3568 bello
1581 3502 1838 3579 muniri,
1912 3500 2303 3588 providentia
2370 3498 2541 3564 bella

439 3625 702 3682 externa
764 3623 828 3680 et
881 3616 1086 3681 arceri
1144 3627 1208 3682 et
1265 3617 1415 3705 geri.
1508 3616 1618 3681 Sin
1673 3625 1886 3680 autem
1933 3613 2377 3702 suscipiantur,
2435 3635 2539 3681 re-

441 3732 606 3820 quiri
650 3749 918 3797 causam
952 3732 1206 3819 justam,
1254 3732 1602 3799 exercitum
1645 3728 1814 3796 bene
1860 3728 2232 3797 instructum
2275 3740 2343 3796 et
2381 3753 2537 3822 pru.-

440 3845 601 3913 dens
672 3847 1021 3913 exercitum
1080 3846 1367 3914 ducendi
1426 3846 1772 3914 consilium.
1855 3844 1994 3912 Sed
2051 3846 2307 3934 longum
2363 3854 2540 3913 esset

440 3961 677 4041 omnia,
724 3982 893 4049 quae
938 3961 1023 4028 de
1073 3963 1194 4029 hac
1238 3964 1505 4029 materia
1543 3962 1829 4050 scripsit,
1874 3960 2172 4030 laudibus
2215 3962 2535 4037 extollere,

440 4074 589 4146 satis
635 4085 732 4141 est
778 4078 961 4143 unius
1006 4088 1244 4144 tantum
1290 4079 1384 4145 rei
1431 4080 1816 4146 mentionem
1847 4079 2078 4156 facere,
2124 4076 2322 4146 robur
2353 4095 2536 4141 exer-

443 4188 599 4255 citus
657 4190 909 4276 pedites
967 4212 1140 4273 esse,
1205 4194 1480 4282 hosque,
1547 4204 1617 4259 ut
1671 4194 1757 4261 ad
1820 4192 1990 4261 bella
2056 4190 2338 4278 gerenda
2408 4189 2534 4277 apti
