<?xml version="1.0" encoding="UTF-8"?>
<!DOCTYPE html PUBLIC "-//W3C//DTD XHTML 1.0 Transitional//EN"
    "http://www.w3.org/TR/xhtml1/DTD/xhtml1-transitional.dtd">
<html xmlns="http://www.w3.org/1999/xhtml" xml:lang="en" lang="en">
 <head>
  <title>
</title>
<meta http-equiv="Content-Type" content="text/html;charset=utf-8" />
  <meta name='ocr-system' content='tesseract 3.04.00' />
  <meta name='ocr-capabilities' content='ocr_page ocr_carea ocr_par ocr_line ocrx_word'/>
</head>
<body>
  <div class='ocr_page' id='page_1' title='image "./defranciscibaco00friegoog_0084.png"; bbox 0 0 2998 4863; ppageno 0'>
   <div class='ocr_carea' id='block_1_1' title="bbox 1306 363 1734 428">
    <p class='ocr_par' dir='ltr' id='par_1_1' title="bbox 1306 363 1734 428">
     <span class='ocr_line' id='line_1_1' title="bbox 1306 363 1734 428; baseline -0.002 -17"><span class='ocrx_word' id='word_1_1' title='bbox 1306 363 1734 428; x_wconf 65' lang='lat'>...74-</span> 
     </span>
    </p>
   </div>
   <div class='ocr_carea' id='block_1_2' title="bbox 375 532 2574 4299">
    <p class='ocr_par' dir='ltr' id='par_1_2' title="bbox 375 532 2574 4299">
     <span class='ocr_line' id='line_1_2' title="bbox 478 532 2569 624; baseline 0.001 -22"><span class='ocrx_word' id='word_1_2' title='bbox 478 536 820 602; x_wconf 86' lang='lat' dir='ltr'><strong>maritimas</strong></span> <span class='ocrx_word' id='word_1_3' title='bbox 864 548 1146 624; x_wconf 89' lang='lat' dir='ltr'><strong>apertas,</strong></span> <span class='ocrx_word' id='word_1_4' title='bbox 1192 556 1352 602; x_wconf 85' lang='lat' dir='ltr'><strong>nova</strong></span> <span class='ocrx_word' id='word_1_5' title='bbox 1399 538 1558 604; x_wconf 86' lang='lat' dir='ltr'><strong>ratio</strong></span> <span class='ocrx_word' id='word_1_6' title='bbox 1601 535 1764 603; x_wconf 88' lang='lat' dir='ltr'><strong>fines</strong></span> <span class='ocrx_word' id='word_1_7' title='bbox 1806 532 2171 623; x_wconf 79' lang='lat' dir='ltr'><strong>proferendi</strong></span> <span class='ocrx_word' id='word_1_8' title='bbox 2217 557 2289 603; x_wconf 89' lang='lat' dir='ltr'><strong>se</strong></span> <span class='ocrx_word' id='word_1_9' title='bbox 2336 535 2569 618; x_wconf 69' lang='lat' dir='ltr'><strong>obnuit,</strong></span> 
     </span>
     <span class='ocr_line' id='line_1_3' title="bbox 477 651 2566 741; baseline 0 -24"><span class='ocrx_word' id='word_1_10' title='bbox 477 651 785 717; x_wconf 83' lang='lat' dir='ltr'><strong>nonnullis</strong></span> <span class='ocrx_word' id='word_1_11' title='bbox 830 651 1080 740; x_wconf 89' lang='lat' dir='ltr'><strong>populis</strong></span> <span class='ocrx_word' id='word_1_12' title='bbox 1126 653 1285 717; x_wconf 87' lang='lat' dir='ltr'><strong>mari</strong></span> <span class='ocrx_word' id='word_1_13' title='bbox 1328 651 1730 740; x_wconf 87' lang='lat' dir='ltr'><strong>pollentibus.</strong></span> <span class='ocrx_word' id='word_1_14' title='bbox 1798 652 1930 718; x_wconf 89' lang='lat' dir='ltr'><strong>Nec</strong></span> <span class='ocrx_word' id='word_1_15' title='bbox 1962 653 2187 731; x_wconf 89' lang='lat' dir='ltr'><strong>minus,</strong></span> <span class='ocrx_word' id='word_1_16' title='bbox 2230 662 2566 741; x_wconf 80' lang='lat' dir='ltr'>postquam</span> 
     </span>
     <span class='ocr_line' id='line_1_4' title="bbox 478 765 2570 856; baseline 0.001 -24"><span class='ocrx_word' id='word_1_17' title='bbox 478 765 711 835; x_wconf 89' lang='lat' dir='ltr'><strong>eodem</strong></span> <span class='ocrx_word' id='word_1_18' title='bbox 754 776 1044 854; x_wconf 84' lang='lat' dir='ltr'><strong>tempore</strong></span> <span class='ocrx_word' id='word_1_19' title='bbox 1090 766 1376 854; x_wconf 77' lang='lat' dir='ltr'><strong>singulae</strong></span> <span class='ocrx_word' id='word_1_20' title='bbox 1423 768 1704 835; x_wconf 87' lang='lat' dir='ltr'><strong>civitates</strong></span> <span class='ocrx_word' id='word_1_21' title='bbox 1733 767 2025 854; x_wconf 81' lang='lat' dir='ltr'>Europae</span> <span class='ocrx_word' id='word_1_22' title='bbox 2056 767 2117 831; x_wconf 91' lang='lat' dir='ltr'><strong>in</strong></span> <span class='ocrx_word' id='word_1_23' title='bbox 2151 787 2223 834; x_wconf 87' lang='lat' dir='ltr'><strong>se</strong></span> <span class='ocrx_word' id='word_1_24' title='bbox 2272 788 2570 856; x_wconf 89' lang='lat' dir='ltr'><strong>quaeque</strong></span> 
     </span>
     <span class='ocr_line' id='line_1_5' title="bbox 479 880 2574 971; baseline 0.002 -26"><span class='ocrx_word' id='word_1_25' title='bbox 479 881 786 947; x_wconf 88' lang='lat' dir='ltr'><strong>internam</strong></span> <span class='ocrx_word' id='word_1_26' title='bbox 833 883 957 949; x_wconf 89' lang='lat' dir='ltr'><strong>vim</strong></span> <span class='ocrx_word' id='word_1_27' title='bbox 1006 893 1367 961; x_wconf 89' lang='lat' dir='ltr'><strong>senserunt,</strong></span> <span class='ocrx_word' id='word_1_28' title='bbox 1415 903 1585 971; x_wconf 87' lang='lat' dir='ltr'><strong>quae</strong></span> <span class='ocrx_word' id='word_1_29' title='bbox 1629 880 1920 948; x_wconf 89' lang='lat' dir='ltr'><strong>membra</strong></span> <span class='ocrx_word' id='word_1_30' title='bbox 1965 881 2464 971; x_wconf 77' lang='lat' dir='ltr'><strong>disjecta-cogat</strong></span> <span class='ocrx_word' id='word_1_31' title='bbox 2509 894 2574 949; x_wconf 89' lang='lat' dir='ltr'><strong>et</strong></span> 
     </span>
     <span class='ocr_line' id='line_1_6' title="bbox 475 994 2574 1085; baseline 0.002 -27"><span class='ocrx_word' id='word_1_32' title='bbox 475 994 735 1060; x_wconf 90' lang='lat' dir='ltr'><strong>vinculis</strong></span> <span class='ocrx_word' id='word_1_33' title='bbox 780 997 913 1062; x_wconf 84' lang='lat' dir='ltr'><strong>suis</strong></span> <span class='ocrx_word' id='word_1_34' title='bbox 959 999 1359 1084; x_wconf 89' lang='lat' dir='ltr'><strong>constringat,</strong></span> <span class='ocrx_word' id='word_1_35' title='bbox 1406 999 1840 1085; x_wconf 83' lang='lat' dir='ltr'><strong>unitatemque</strong></span> <span class='ocrx_word' id='word_1_36' title='bbox 1887 996 2171 1084; x_wconf 88' lang='lat' dir='ltr'><strong>corporis</strong></span> <span class='ocrx_word' id='word_1_37' title='bbox 2217 999 2574 1081; x_wconf 86' lang='lat' dir='ltr'><strong>constituat,</strong></span> 
     </span>
     <span class='ocr_line' id='line_1_7' title="bbox 475 1110 2573 1200; baseline 0 -23"><span class='ocrx_word' id='word_1_38' title='bbox 475 1110 811 1177; x_wconf 83' lang='lat' dir='ltr'><strong>nonnullae</strong></span> <span class='ocrx_word' id='word_1_39' title='bbox 856 1112 1132 1200; x_wconf 87' lang='lat' dir='ltr'><strong>majores</strong></span> <span class='ocrx_word' id='word_1_40' title='bbox 1180 1112 1368 1178; x_wconf 83' lang='lat' dir='ltr'><strong>etiam</strong></span> <span class='ocrx_word' id='word_1_41' title='bbox 1428 1113 1667 1179; x_wconf 81' lang='lat' dir='ltr'><strong>tractus</strong></span> <span class='ocrx_word' id='word_1_42' title='bbox 1712 1124 2027 1179; x_wconf 87' lang='lat' dir='ltr'><strong>terrarum</strong></span> <span class='ocrx_word' id='word_1_43' title='bbox 2072 1110 2307 1178; x_wconf 84' lang='lat' dir='ltr'><strong>unitate</strong></span> <span class='ocrx_word' id='word_1_44' title='bbox 2352 1111 2573 1199; x_wconf 90' lang='lat' dir='ltr'><strong>populi</strong></span> 
     </span>
     <span class='ocr_line' id='line_1_8' title="bbox 477 1225 2571 1313; baseline 0.001 -23"><span class='ocrx_word' id='word_1_45' title='bbox 477 1236 543 1290; x_wconf 88' lang='lat' dir='ltr'><strong>et</strong></span> <span class='ocrx_word' id='word_1_46' title='bbox 590 1225 837 1312; x_wconf 89' lang='lat' dir='ltr'><strong>imperii</strong></span> <span class='ocrx_word' id='word_1_47' title='bbox 885 1227 1213 1295; x_wconf 89' lang='lat' dir='ltr'><strong>continere</strong></span> <span class='ocrx_word' id='word_1_48' title='bbox 1259 1249 1451 1313; x_wconf 87' lang='lat' dir='ltr'><strong>posse</strong></span> <span class='ocrx_word' id='word_1_49' title='bbox 1498 1227 1619 1294; x_wconf 89' lang='lat' dir='ltr'><strong>sibi</strong></span> <span class='ocrx_word' id='word_1_50' title='bbox 1666 1226 2052 1293; x_wconf 89' lang='lat' dir='ltr'><strong>videbantur.</strong></span> <span class='ocrx_word' id='word_1_51' title='bbox 2142 1225 2317 1292; x_wconf 90' lang='lat' dir='ltr'><strong>Bella</strong></span> <span class='ocrx_word' id='word_1_52' title='bbox 2359 1236 2571 1293; x_wconf 87' lang='lat' dir='ltr'><strong>autem</strong></span> 
     </span>
     <span class='ocr_line' id='line_1_9' title="bbox 476 1339 2571 1431; baseline 0.001 -27"><span class='ocrx_word' id='word_1_53' title='bbox 476 1359 644 1427; x_wconf 90' lang='lat' dir='ltr'><strong>quae</strong></span> <span class='ocrx_word' id='word_1_54' title='bbox 690 1352 1025 1428; x_wconf 85' lang='lat' dir='ltr'><strong>gesserunt</strong></span> <span class='ocrx_word' id='word_1_55' title='bbox 1070 1341 1156 1407; x_wconf 89' lang='lat' dir='ltr'><strong>ad</strong></span> <span class='ocrx_word' id='word_1_56' title='bbox 1191 1341 1485 1411; x_wconf 86' lang='lat' dir='ltr'><strong>finitimas</strong></span> <span class='ocrx_word' id='word_1_57' title='bbox 1517 1353 1741 1431; x_wconf 84' lang='lat' dir='ltr'><strong>gentes</strong></span> <span class='ocrx_word' id='word_1_58' title='bbox 1771 1339 2175 1430; x_wconf 82' lang='lat' dir='ltr'><strong>subigendaS,</strong></span> <span class='ocrx_word' id='word_1_59' title='bbox 2207 1339 2571 1422; x_wconf 84' lang='lat' dir='ltr'><strong>effecerunt,</strong></span> 
     </span>
     <span class='ocr_line' id='line_1_10' title="bbox 472 1456 2572 1546; baseline 0.002 -28"><span class='ocrx_word' id='word_1_60' title='bbox 472 1463 568 1534; x_wconf 87' lang='lat' dir='ltr'><strong>ut,</strong></span> <span class='ocrx_word' id='word_1_61' title='bbox 614 1464 678 1519; x_wconf 90' lang='lat' dir='ltr'><strong>et</strong></span> <span class='ocrx_word' id='word_1_62' title='bbox 724 1456 834 1543; x_wconf 91' lang='lat' dir='ltr'><strong>qui</strong></span> <span class='ocrx_word' id='word_1_63' title='bbox 878 1456 1182 1542; x_wconf 85' lang='lat' dir='ltr'><strong>impetum</strong></span> <span class='ocrx_word' id='word_1_64' title='bbox 1229 1456 1379 1522; x_wconf 86' lang='lat' dir='ltr'><strong>fecit</strong></span> <span class='ocrx_word' id='word_1_65' title='bbox 1421 1457 1724 1544; x_wconf 81' lang='lat' dir='ltr'><strong>populuS,</strong></span> <span class='ocrx_word' id='word_1_66' title='bbox 1784 1468 1848 1522; x_wconf 86' lang='lat' dir='ltr'><strong>et</strong></span> <span class='ocrx_word' id='word_1_67' title='bbox 1906 1475 2076 1544; x_wconf 88' lang='lat' dir='ltr'><strong>quae</strong></span> <span class='ocrx_word' id='word_1_68' title='bbox 2135 1457 2356 1522; x_wconf 83' lang='lat' dir='ltr'><strong>restitit</strong></span> <span class='ocrx_word' id='word_1_69' title='bbox 2411 1478 2572 1546; x_wconf 84' lang='lat' dir='ltr'><strong>gens</strong></span> 
     </span>
     <span class='ocr_line' id='line_1_11' title="bbox 472 1568 2574 1659; baseline 0.001 -24"><span class='ocrx_word' id='word_1_70' title='bbox 472 1589 630 1635; x_wconf 87' lang='lat' dir='ltr'><strong>suae</strong></span> <span class='ocrx_word' id='word_1_71' title='bbox 675 1570 943 1650; x_wconf 79' lang='lat' dir='ltr'><strong>unitatiS,</strong></span> <span class='ocrx_word' id='word_1_72' title='bbox 991 1571 1345 1636; x_wconf 90' lang='lat' dir='ltr'><strong>communis</strong></span> <span class='ocrx_word' id='word_1_73' title='bbox 1390 1572 1656 1659; x_wconf 87' lang='lat' dir='ltr'><strong>imperii,</strong></span> <span class='ocrx_word' id='word_1_74' title='bbox 1701 1570 1877 1659; x_wconf 89' lang='lat' dir='ltr'><strong>quod</strong></span> <span class='ocrx_word' id='word_1_75' title='bbox 1921 1568 2141 1657; x_wconf 90' lang='lat' dir='ltr'><strong>populi</strong></span> <span class='ocrx_word' id='word_1_76' title='bbox 2183 1572 2352 1639; x_wconf 90' lang='lat' dir='ltr'><strong>vires</strong></span> <span class='ocrx_word' id='word_1_77' title='bbox 2374 1573 2574 1638; x_wconf 82' lang='lat' dir='ltr'><strong>conti-</strong></span> 
     </span>
     <span class='ocr_line' id='line_1_12' title="bbox 471 1681 2571 1773; baseline 0.003 -26"><span class='ocrx_word' id='word_1_78' title='bbox 471 1694 635 1762; x_wconf 88' lang='lat' dir='ltr'><strong>neat,</strong></span> <span class='ocrx_word' id='word_1_79' title='bbox 681 1704 1004 1749; x_wconf 87' lang='lat' dir='ltr'><strong>memores</strong></span> <span class='ocrx_word' id='word_1_80' title='bbox 1048 1681 1292 1749; x_wconf 74' lang='lat' dir='ltr'><strong>fierent</strong></span> <span class='ocrx_word' id='word_1_81' title='bbox 1371 1685 1522 1767; x_wconf 89' lang='lat' dir='ltr'><strong>Sed,</strong></span> <span class='ocrx_word' id='word_1_82' title='bbox 1580 1686 1634 1751; x_wconf 88' lang='lat' dir='ltr'><strong>si</strong></span> <span class='ocrx_word' id='word_1_83' title='bbox 1681 1704 1838 1751; x_wconf 90' lang='lat' dir='ltr'><strong>casu</strong></span> <span class='ocrx_word' id='word_1_84' title='bbox 1885 1683 2170 1773; x_wconf 89' lang='lat' dir='ltr'><strong>quodam</strong></span> <span class='ocrx_word' id='word_1_85' title='bbox 2212 1687 2376 1754; x_wconf 87' lang='lat' dir='ltr'><strong>inter</strong></span> <span class='ocrx_word' id='word_1_86' title='bbox 2422 1687 2571 1753; x_wconf 89' lang='lat' dir='ltr'><strong>civi-</strong></span> 
     </span>
     <span class='ocr_line' id='line_1_13' title="bbox 469 1799 2573 1889; baseline 0.002 -26"><span class='ocrx_word' id='word_1_87' title='bbox 469 1808 633 1864; x_wconf 82' lang='lat' dir='ltr'><strong>tates</strong></span> <span class='ocrx_word' id='word_1_88' title='bbox 678 1799 1103 1865; x_wconf 80' lang='lat' dir='ltr'><strong>recentiorum</strong></span> <span class='ocrx_word' id='word_1_89' title='bbox 1154 1807 1518 1886; x_wconf 88' lang='lat' dir='ltr'><strong>temporum</strong></span> <span class='ocrx_word' id='word_1_90' title='bbox 1572 1801 1680 1866; x_wconf 90' lang='lat' dir='ltr'><strong>uni</strong></span> <span class='ocrx_word' id='word_1_91' title='bbox 1737 1820 2051 1888; x_wconf 85' lang='lat' dir='ltr'><strong>prospere</strong></span> <span class='ocrx_word' id='word_1_92' title='bbox 2107 1801 2303 1867; x_wconf 85' lang='lat' dir='ltr'><strong>cessit</strong></span> <span class='ocrx_word' id='word_1_93' title='bbox 2352 1801 2573 1889; x_wconf 88' lang='lat' dir='ltr'><strong>plures</strong></span> 
     </span>
     <span class='ocr_line' id='line_1_14' title="bbox 468 1912 2572 2000; baseline 0.002 -22"><span class='ocrx_word' id='word_1_94' title='bbox 468 1913 742 2000; x_wconf 90' lang='lat' dir='ltr'><strong>populos</strong></span> <span class='ocrx_word' id='word_1_95' title='bbox 804 1912 925 1980; x_wconf 89' lang='lat' dir='ltr'><strong>sub</strong></span> <span class='ocrx_word' id='word_1_96' title='bbox 992 1913 1261 1999; x_wconf 87' lang='lat' dir='ltr'><strong>imperio</strong></span> <span class='ocrx_word' id='word_1_97' title='bbox 1328 1933 1445 1978; x_wconf 91' lang='lat' dir='ltr'><strong>suo</strong></span> <span class='ocrx_word' id='word_1_98' title='bbox 1502 1915 1852 1995; x_wconf 87' lang='lat' dir='ltr'><strong>continere,</strong></span> <span class='ocrx_word' id='word_1_99' title='bbox 1918 1937 2068 1983; x_wconf 84' lang='lat' dir='ltr'><strong>mox</strong></span> <span class='ocrx_word' id='word_1_100' title='bbox 2131 1914 2572 1982; x_wconf 84' lang='lat' dir='ltr'><strong>resistentibus</strong></span> 
     </span>
     <span class='ocr_line' id='line_1_15' title="bbox 468 2019 2573 2120; baseline 0.002 -28"><span class='ocrx_word' id='word_1_101' title='bbox 468 2027 728 2116; x_wconf 87' lang='lat' dir='ltr'><strong>singulis</strong></span> <span class='ocrx_word' id='word_1_102' title='bbox 770 2030 1025 2118; x_wconf 89' lang='lat' dir='ltr'><strong>populis</strong></span> <span class='ocrx_word' id='word_1_103' title='bbox 1068 2029 1274 2094; x_wconf 87' lang='lat' dir='ltr'><strong>unitas</strong></span> <span class='ocrx_word' id='word_1_104' title='bbox 1323 2026 1590 2115; x_wconf 87' lang='lat' dir='ltr'><strong>disjecta</strong></span> <span class='ocrx_word' id='word_1_105' title='bbox 1637 2041 1736 2095; x_wconf 87' lang='lat' dir='ltr'><strong>est</strong></span> <span class='ocrx_word' id='word_1_106' title='bbox 1782 2041 1846 2097; x_wconf 90' lang='lat' dir='ltr'><strong>et</strong></span> <span class='ocrx_word' id='word_1_107' title='bbox 1888 2019 2366 2119; x_wconf 41' lang='lat' dir='ltr'><strong>suis&#39;quaeque</strong></span> <span class='ocrx_word' id='word_1_108' title='bbox 2411 2053 2573 2120; x_wconf 87' lang='lat' dir='ltr'><strong>gens</strong></span> 
     </span>
     <span class='ocr_line' id='line_1_16' title="bbox 467 2143 2573 2234; baseline 0.001 -24"><span class='ocrx_word' id='word_1_109' title='bbox 467 2143 737 2230; x_wconf 82' lang='lat' dir='ltr'><strong>parebat</strong></span> <span class='ocrx_word' id='word_1_110' title='bbox 779 2143 1056 2234; x_wconf 83' lang='lat' dir='ltr'><strong>legibus;</strong></span> <span class='ocrx_word' id='word_1_111' title='bbox 1121 2145 1207 2209; x_wconf 88' lang='lat' dir='ltr'><strong>ita</strong></span> <span class='ocrx_word' id='word_1_112' title='bbox 1262 2154 1334 2209; x_wconf 87' lang='lat' dir='ltr'><strong>ut</strong></span> <span class='ocrx_word' id='word_1_113' title='bbox 1386 2143 1491 2222; x_wconf 89' lang='lat' dir='ltr'><strong>iis,</strong></span> <span class='ocrx_word' id='word_1_114' title='bbox 1559 2163 1722 2230; x_wconf 90' lang='lat' dir='ltr'><strong>quos</strong></span> <span class='ocrx_word' id='word_1_115' title='bbox 1780 2146 1842 2212; x_wconf 89' lang='lat' dir='ltr'><strong>in</strong></span> <span class='ocrx_word' id='word_1_116' title='bbox 1886 2146 2140 2234; x_wconf 85' lang='lat' dir='ltr'><strong>Europa</strong></span> <span class='ocrx_word' id='word_1_117' title='bbox 2197 2147 2573 2213; x_wconf 86' lang='lat' dir='ltr'><strong>constitutos</strong></span> 
     </span>
     <span class='ocr_line' id='line_1_17' title="bbox 467 2257 2573 2347; baseline 0.001 -25"><span class='ocrx_word' id='word_1_118' title='bbox 467 2259 757 2325; x_wconf 90' lang='lat' dir='ltr'><strong>videmus</strong></span> <span class='ocrx_word' id='word_1_119' title='bbox 801 2259 1065 2347; x_wconf 82' lang='lat' dir='ltr'><strong>populiS,</strong></span> <span class='ocrx_word' id='word_1_120' title='bbox 1110 2258 1214 2323; x_wconf 91' lang='lat' dir='ltr'><strong>illa</strong></span> <span class='ocrx_word' id='word_1_121' title='bbox 1257 2257 1420 2323; x_wconf 89' lang='lat' dir='ltr'><strong>fines</strong></span> <span class='ocrx_word' id='word_1_122' title='bbox 1465 2259 1861 2346; x_wconf 87' lang='lat' dir='ltr'><strong>propagandi</strong></span> <span class='ocrx_word' id='word_1_123' title='bbox 1908 2260 2068 2325; x_wconf 85' lang='lat' dir='ltr'><strong>ratio</strong></span> <span class='ocrx_word' id='word_1_124' title='bbox 2115 2260 2371 2328; x_wconf 85' lang='lat' dir='ltr'><strong>minime</strong></span> <span class='ocrx_word' id='word_1_125' title='bbox 2414 2280 2573 2327; x_wconf 88' lang='lat' dir='ltr'><strong>con-</strong></span> 
     </span>
     <span class='ocr_line' id='line_1_18' title="bbox 468 2372 2570 2461; baseline 0.002 -24"><span class='ocrx_word' id='word_1_126' title='bbox 468 2373 684 2437; x_wconf 88' lang='lat' dir='ltr'><strong>venire</strong></span> <span class='ocrx_word' id='word_1_127' title='bbox 750 2372 1055 2441; x_wconf 87' lang='lat' dir='ltr'><strong>videatur.</strong></span> <span class='ocrx_word' id='word_1_128' title='bbox 1157 2373 1561 2461; x_wconf 85' lang='lat' dir='ltr'><strong>Quamquam</strong></span> <span class='ocrx_word' id='word_1_129' title='bbox 1628 2373 2090 2442; x_wconf 85' lang='lat' dir='ltr'><strong>recentioribus</strong></span> <span class='ocrx_word' id='word_1_130' title='bbox 2155 2373 2570 2460; x_wconf 80' lang='lat' dir='ltr'><strong>temporibuS,</strong></span> 
     </span>
     <span class='ocr_line' id='line_1_19' title="bbox 467 2485 2573 2578; baseline 0.002 -28"><span class='ocrx_word' id='word_1_131' title='bbox 467 2485 661 2551; x_wconf 89' lang='lat' dir='ltr'><strong>modo</strong></span> <span class='ocrx_word' id='word_1_132' title='bbox 707 2486 825 2567; x_wconf 90' lang='lat' dir='ltr'><strong>hic,</strong></span> <span class='ocrx_word' id='word_1_133' title='bbox 870 2488 1065 2555; x_wconf 91' lang='lat' dir='ltr'><strong>modo</strong></span> <span class='ocrx_word' id='word_1_134' title='bbox 1110 2489 1269 2555; x_wconf 91' lang='lat' dir='ltr'><strong>alter</strong></span> <span class='ocrx_word' id='word_1_135' title='bbox 1314 2487 1587 2576; x_wconf 88' lang='lat' dir='ltr'><strong>populus</strong></span> <span class='ocrx_word' id='word_1_136' title='bbox 1631 2489 2002 2555; x_wconf 88' lang='lat' dir='ltr'><strong>auctoritate</strong></span> <span class='ocrx_word' id='word_1_137' title='bbox 2045 2488 2253 2554; x_wconf 88' lang='lat' dir='ltr'><strong>suain</strong></span> <span class='ocrx_word' id='word_1_138' title='bbox 2282 2498 2573 2578; x_wconf 80' lang='lat' dir='ltr'><strong>systema</strong></span> 
     </span>
     <span class='ocr_line' id='line_1_20' title="bbox 471 2600 2569 2691; baseline 0.001 -25"><span class='ocrx_word' id='word_1_139' title='bbox 471 2600 797 2689; x_wconf 89' lang='lat' dir='ltr'><strong>quoddam</strong></span> <span class='ocrx_word' id='word_1_140' title='bbox 843 2603 1167 2690; x_wconf 90' lang='lat' dir='ltr'><strong>politicum</strong></span> <span class='ocrx_word' id='word_1_141' title='bbox 1211 2624 1434 2669; x_wconf 90' lang='lat' dir='ltr'><strong>omnes</strong></span> <span class='ocrx_word' id='word_1_142' title='bbox 1479 2605 1771 2691; x_wconf 89' lang='lat' dir='ltr'><strong>Europae</strong></span> <span class='ocrx_word' id='word_1_143' title='bbox 1817 2602 2087 2690; x_wconf 89' lang='lat' dir='ltr'><strong>populos</strong></span> <span class='ocrx_word' id='word_1_144' title='bbox 2135 2600 2429 2691; x_wconf 87' lang='lat' dir='ltr'><strong>cogebat,</strong></span> <span class='ocrx_word' id='word_1_145' title='bbox 2481 2604 2569 2668; x_wconf 87' lang='lat' dir='ltr'><strong>ita</strong></span> 
     </span>
     <span class='ocr_line' id='line_1_21' title="bbox 466 2718 2568 2807; baseline 0.002 -28"><span class='ocrx_word' id='word_1_146' title='bbox 466 2725 707 2795; x_wconf 86' lang='lat' dir='ltr'><strong>tamen,</strong></span> <span class='ocrx_word' id='word_1_147' title='bbox 771 2728 842 2784; x_wconf 85' lang='lat' dir='ltr'><strong>ut</strong></span> <span class='ocrx_word' id='word_1_148' title='bbox 896 2738 1157 2806; x_wconf 84' lang='lat' dir='ltr'><strong>semper</strong></span> <span class='ocrx_word' id='word_1_149' title='bbox 1212 2718 1468 2786; x_wconf 89' lang='lat' dir='ltr'><strong>cumulo</strong></span> <span class='ocrx_word' id='word_1_150' title='bbox 1533 2718 1853 2805; x_wconf 84' lang='lat' dir='ltr'><strong>potentiae</strong></span> <span class='ocrx_word' id='word_1_151' title='bbox 1911 2737 1952 2783; x_wconf 89' lang='lat' dir='ltr'><strong>a</strong></span> <span class='ocrx_word' id='word_1_152' title='bbox 2017 2719 2249 2788; x_wconf 85' lang='lat' dir='ltr'><strong>ceteris</strong></span> <span class='ocrx_word' id='word_1_153' title='bbox 2314 2718 2568 2807; x_wconf 88' lang='lat' dir='ltr'><strong>populis</strong></span> 
     </span>
     <span class='ocr_line' id='line_1_22' title="bbox 468 2831 2567 2921; baseline 0.001 -26"><span class='ocrx_word' id='word_1_154' title='bbox 468 2832 895 2914; x_wconf 86' lang='lat' dir='ltr'><strong>resisteretur,</strong></span> <span class='ocrx_word' id='word_1_155' title='bbox 962 2844 1178 2900; x_wconf 87' lang='lat' dir='ltr'><strong>tamen</strong></span> <span class='ocrx_word' id='word_1_156' title='bbox 1222 2834 1276 2899; x_wconf 88' lang='lat' dir='ltr'><strong>si</strong></span> <span class='ocrx_word' id='word_1_157' title='bbox 1324 2852 1606 2920; x_wconf 91' lang='lat' dir='ltr'><strong>unquam</strong></span> <span class='ocrx_word' id='word_1_158' title='bbox 1662 2831 1878 2899; x_wconf 87' lang='lat' dir='ltr'><strong>civitas</strong></span> <span class='ocrx_word' id='word_1_159' title='bbox 1922 2834 2329 2921; x_wconf 86' lang='lat' dir='ltr'><strong>praepollens</strong></span> <span class='ocrx_word' id='word_1_160' title='bbox 2374 2834 2567 2900; x_wconf 85' lang='lat' dir='ltr'><strong>armis</strong></span> 
     </span>
     <span class='ocr_line' id='line_1_23' title="bbox 468 2944 2567 3037; baseline 0.001 -26"><span class='ocrx_word' id='word_1_161' title='bbox 468 2944 786 3035; x_wconf 86' lang='lat' dir='ltr'><strong>bellisque</strong></span> <span class='ocrx_word' id='word_1_162' title='bbox 831 2960 1081 3016; x_wconf 85' lang='lat' dir='ltr'><strong>ceteras</strong></span> <span class='ocrx_word' id='word_1_163' title='bbox 1136 2949 1436 3037; x_wconf 81' lang='lat' dir='ltr'><strong>subigere</strong></span> <span class='ocrx_word' id='word_1_164' title='bbox 1494 2959 1719 3015; x_wconf 88' lang='lat' dir='ltr'><strong>conata</strong></span> <span class='ocrx_word' id='word_1_165' title='bbox 1763 2948 1976 3028; x_wconf 82' lang='lat' dir='ltr'><strong>fuerit,</strong></span> <span class='ocrx_word' id='word_1_166' title='bbox 2036 2948 2100 3015; x_wconf 88' lang='lat' dir='ltr'><strong>hi</strong></span> <span class='ocrx_word' id='word_1_167' title='bbox 2158 2969 2306 3015; x_wconf 83' lang='lat' dir='ltr'><strong>mox</strong></span> <span class='ocrx_word' id='word_1_168' title='bbox 2340 2949 2567 3037; x_wconf 88' lang='lat' dir='ltr'><strong>jugum</strong></span> 
     </span>
     <span class='ocr_line' id='line_1_24' title="bbox 375 3047 2566 3172; baseline 0.001 -44"><span class='ocrx_word' id='word_1_169' title='bbox 375 3047 381 3053; x_wconf 52' lang='grc'><em>’</em></span> <span class='ocrx_word' id='word_1_170' title='bbox 467 3073 795 3133; x_wconf 85' lang='lat' dir='ltr'><strong>exuerunt.</strong></span> <span class='ocrx_word' id='word_1_171' title='bbox 883 3063 1188 3130; x_wconf 87' lang='lat' dir='ltr'><strong>Videmus</strong></span> <span class='ocrx_word' id='word_1_172' title='bbox 1246 3063 1429 3150; x_wconf 86' lang='lat' dir='ltr'><strong>igitur</strong></span> <span class='ocrx_word' id='word_1_173' title='bbox 1484 3063 1719 3138; x_wconf 82' lang='lat' dir='ltr'><strong>nostris</strong></span> <span class='ocrx_word' id='word_1_174' title='bbox 1785 3062 2183 3172; x_wconf 54' lang='lat' dir='ltr'><strong>tegnporibus</strong></span> <span class='ocrx_word' id='word_1_175' title='bbox 2250 3063 2566 3131; x_wconf 81' lang='lat' dir='ltr'><strong>civitatem</strong></span> 
     </span>
     <span class='ocr_line' id='line_1_25' title="bbox 469 3175 2565 3264; baseline 0.002 -24"><span class='ocrx_word' id='word_1_176' title='bbox 469 3196 797 3264; x_wconf 87' lang='lat' dir='ltr'><strong>quamque</strong></span> <span class='ocrx_word' id='word_1_177' title='bbox 842 3180 906 3242; x_wconf 88' lang='lat' dir='ltr'><strong>in</strong></span> <span class='ocrx_word' id='word_1_178' title='bbox 951 3177 1084 3242; x_wconf 90' lang='lat' dir='ltr'><strong>suis</strong></span> <span class='ocrx_word' id='word_1_179' title='bbox 1127 3175 1361 3242; x_wconf 88' lang='lat' dir='ltr'><strong>finibus</strong></span> <span class='ocrx_word' id='word_1_180' title='bbox 1403 3176 1674 3244; x_wconf 88' lang='lat' dir='ltr'><strong>liberam</strong></span> <span class='ocrx_word' id='word_1_181' title='bbox 1719 3198 1868 3244; x_wconf 87' lang='lat' dir='ltr'><strong>sese</strong></span> <span class='ocrx_word' id='word_1_182' title='bbox 1912 3177 2264 3257; x_wconf 82' lang='lat' dir='ltr'><strong>continere;</strong></span> <span class='ocrx_word' id='word_1_183' title='bbox 2307 3187 2565 3246; x_wconf 79' lang='lat' dir='ltr'><strong>nostrae</strong></span> 
     </span>
     <span class='ocr_line' id='line_1_26' title="bbox 468 3289 2565 3379; baseline 0.001 -22"><span class='ocrx_word' id='word_1_184' title='bbox 468 3290 754 3360; x_wconf 78' lang='lat' dir='ltr'><strong>civitates</strong></span> <span class='ocrx_word' id='word_1_185' title='bbox 801 3291 886 3355; x_wconf 89' lang='lat' dir='ltr'><strong>ad</strong></span> <span class='ocrx_word' id='word_1_186' title='bbox 931 3291 1151 3357; x_wconf 79' lang='lat' dir='ltr'><strong>altiora</strong></span> <span class='ocrx_word' id='word_1_187' title='bbox 1196 3289 1478 3364; x_wconf 80' lang='lat' dir='ltr'><strong>tendunt,</strong></span> <span class='ocrx_word' id='word_1_188' title='bbox 1526 3311 1721 3379; x_wconf 91' lang='lat' dir='ltr'><strong>quam</strong></span> <span class='ocrx_word' id='word_1_189' title='bbox 1765 3303 1839 3359; x_wconf 82' lang='lat' dir='ltr'><strong>ut</strong></span> <span class='ocrx_word' id='word_1_190' title='bbox 1877 3289 2040 3362; x_wconf 84' lang='lat' dir='ltr'><strong>fines</strong></span> <span class='ocrx_word' id='word_1_191' title='bbox 2069 3292 2395 3379; x_wconf 82' lang='lat' dir='ltr'><strong>proferant</strong></span> <span class='ocrx_word' id='word_1_192' title='bbox 2422 3290 2565 3363; x_wconf 84' lang='lat' dir='ltr'><strong>hel-</strong></span> 
     </span>
     <span class='ocr_line' id='line_1_27' title="bbox 465 3404 2564 3495; baseline 0.001 -26"><span class='ocrx_word' id='word_1_193' title='bbox 465 3404 828 3494; x_wconf 88' lang='lat' dir='ltr'><strong>licososque</strong></span> <span class='ocrx_word' id='word_1_194' title='bbox 885 3405 1156 3495; x_wconf 89' lang='lat' dir='ltr'><strong>populos</strong></span> <span class='ocrx_word' id='word_1_195' title='bbox 1235 3416 1602 3485; x_wconf 80' lang='lat' dir='ltr'><strong>exerceant;</strong></span> <span class='ocrx_word' id='word_1_196' title='bbox 1669 3416 1924 3474; x_wconf 83' lang='lat' dir='ltr'><strong>nostrae</strong></span> <span class='ocrx_word' id='word_1_197' title='bbox 1993 3407 2274 3477; x_wconf 84' lang='lat' dir='ltr'><strong>civitates</strong></span> <span class='ocrx_word' id='word_1_198' title='bbox 2334 3405 2564 3486; x_wconf 80' lang='lat' dir='ltr'><strong>vident,</strong></span> 
     </span>
     <span class='ocr_line' id='line_1_28' title="bbox 465 3519 2563 3612; baseline 0.001 -27"><span class='ocrx_word' id='word_1_199' title='bbox 465 3542 537 3586; x_wconf 89' lang='lat' dir='ltr'><strong>se</strong></span> <span class='ocrx_word' id='word_1_200' title='bbox 607 3522 910 3612; x_wconf 88' lang='lat' dir='ltr'><strong>civesque</strong></span> <span class='ocrx_word' id='word_1_201' title='bbox 978 3543 1132 3589; x_wconf 90' lang='lat' dir='ltr'><strong>suos</strong></span> <span class='ocrx_word' id='word_1_202' title='bbox 1198 3542 1595 3590; x_wconf 89' lang='lat' dir='ltr'><strong>summorum</strong></span> <span class='ocrx_word' id='word_1_203' title='bbox 1650 3519 1967 3591; x_wconf 88' lang='lat' dir='ltr'><strong>bonorum</strong></span> <span class='ocrx_word' id='word_1_204' title='bbox 2019 3523 2360 3610; x_wconf 82' lang='lat' dir='ltr'><strong>participes</strong></span> <span class='ocrx_word' id='word_1_205' title='bbox 2416 3540 2563 3588; x_wconf 84' lang='lat' dir='ltr'><strong>esse</strong></span> 
     </span>
     <span class='ocr_line' id='line_1_29' title="bbox 465 3633 2561 3725; baseline 0 -25"><span class='ocrx_word' id='word_1_206' title='bbox 465 3656 676 3721; x_wconf 88' lang='lat' dir='ltr'><strong>posse,</strong></span> <span class='ocrx_word' id='word_1_207' title='bbox 721 3636 1208 3725; x_wconf 89' lang='lat' dir='ltr'><strong>quibuscunque</strong></span> <span class='ocrx_word' id='word_1_208' title='bbox 1252 3635 1485 3706; x_wconf 89' lang='lat' dir='ltr'><strong>finibus</strong></span> <span class='ocrx_word' id='word_1_209' title='bbox 1532 3638 1984 3705; x_wconf 85' lang='lat' dir='ltr'><strong>contineantur.</strong></span> <span class='ocrx_word' id='word_1_210' title='bbox 2070 3638 2241 3704; x_wconf 89' lang='lat' dir='ltr'><strong>Baco</strong></span> <span class='ocrx_word' id='word_1_211' title='bbox 2282 3636 2348 3701; x_wconf 90' lang='lat' dir='ltr'><strong>in</strong></span> <span class='ocrx_word' id='word_1_212' title='bbox 2391 3633 2561 3700; x_wconf 88' lang='lat' dir='ltr'><strong>illam</strong></span> 
     </span>
     <span class='ocr_line' id='line_1_30' title="bbox 467 3747 2561 3840; baseline 0.002 -28"><span class='ocrx_word' id='word_1_213' title='bbox 467 3759 745 3815; x_wconf 85' lang='lat' dir='ltr'><strong>aetatem</strong></span> <span class='ocrx_word' id='word_1_214' title='bbox 810 3750 1052 3830; x_wconf 87' lang='lat' dir='ltr'><strong>incidit,</strong></span> <span class='ocrx_word' id='word_1_215' title='bbox 1129 3773 1276 3818; x_wconf 90' lang='lat' dir='ltr'><strong>cum</strong></span> <span class='ocrx_word' id='word_1_216' title='bbox 1342 3753 1639 3840; x_wconf 91' lang='lat' dir='ltr'><strong>Hispania</strong></span> <span class='ocrx_word' id='word_1_217' title='bbox 1705 3750 1790 3817; x_wconf 89' lang='lat' dir='ltr'><strong>ad</strong></span> <span class='ocrx_word' id='word_1_218' title='bbox 1855 3771 2174 3820; x_wconf 87' lang='lat' dir='ltr'><strong>summum</strong></span> <span class='ocrx_word' id='word_1_219' title='bbox 2239 3747 2561 3836; x_wconf 80' lang='lat' dir='ltr'><strong>potentiae</strong></span> 
     </span>
     <span class='ocr_line' id='line_1_31' title="bbox 467 3861 2561 3954; baseline 0 -28"><span class='ocrx_word' id='word_1_220' title='bbox 467 3861 783 3950; x_wconf 85' lang='lat' dir='ltr'><strong>fastigium</strong></span> <span class='ocrx_word' id='word_1_221' title='bbox 844 3866 1238 3950; x_wconf 87' lang='lat' dir='ltr'><strong>pervenisset</strong></span> <span class='ocrx_word' id='word_1_222' title='bbox 1295 3866 1661 3954; x_wconf 89' lang='lat' dir='ltr'><strong>finibusque</strong></span> <span class='ocrx_word' id='word_1_223' title='bbox 1720 3865 1905 3951; x_wconf 89' lang='lat' dir='ltr'><strong>longe</strong></span> <span class='ocrx_word' id='word_1_224' title='bbox 1967 3862 2254 3950; x_wconf 89' lang='lat' dir='ltr'><strong>prolatis,</strong></span> <span class='ocrx_word' id='word_1_225' title='bbox 2321 3862 2561 3951; x_wconf 89' lang='lat' dir='ltr'><strong>antiqui</strong></span> 
     </span>
     <span class='ocr_line' id='line_1_32' title="bbox 468 3974 2558 4065; baseline -0 -22"><span class='ocrx_word' id='word_1_226' title='bbox 468 3986 532 4043; x_wconf 89' lang='lat' dir='ltr'><strong>et</strong></span> <span class='ocrx_word' id='word_1_227' title='bbox 586 3975 726 4041; x_wconf 88' lang='lat' dir='ltr'><strong>novi</strong></span> <span class='ocrx_word' id='word_1_228' title='bbox 787 3974 959 4042; x_wconf 89' lang='lat' dir='ltr'><strong>orbis</strong></span> <span class='ocrx_word' id='word_1_229' title='bbox 1012 3977 1284 4065; x_wconf 87' lang='lat' dir='ltr'><strong>populos</strong></span> <span class='ocrx_word' id='word_1_230' title='bbox 1339 3977 1459 4043; x_wconf 87' lang='lat' dir='ltr'><strong>sub</strong></span> <span class='ocrx_word' id='word_1_231' title='bbox 1516 3980 1784 4065; x_wconf 88' lang='lat' dir='ltr'><strong>imperio</strong></span> <span class='ocrx_word' id='word_1_232' title='bbox 1831 3997 1945 4042; x_wconf 91' lang='lat' dir='ltr'><strong>suo</strong></span> <span class='ocrx_word' id='word_1_233' title='bbox 2003 3986 2254 4044; x_wconf 85' lang='lat' dir='ltr'><strong>teneret</strong></span> <span class='ocrx_word' id='word_1_234' title='bbox 2299 3988 2363 4044; x_wconf 82' lang='lat' dir='ltr'><strong>et</strong></span> <span class='ocrx_word' id='word_1_235' title='bbox 2406 3977 2558 4044; x_wconf 87' lang='lat' dir='ltr'><strong>vali-</strong></span> 
     </span>
     <span class='ocr_line' id='line_1_33' title="bbox 468 4090 2557 4162; baseline 0.001 -5"><span class='ocrx_word' id='word_1_236' title='bbox 468 4090 759 4157; x_wconf 88' lang='lat' dir='ltr'><strong>dissimas</strong></span> <span class='ocrx_word' id='word_1_237' title='bbox 818 4093 1098 4159; x_wconf 85' lang='lat' dir='ltr'><strong>civitates</strong></span> <span class='ocrx_word' id='word_1_238' title='bbox 1157 4092 1363 4158; x_wconf 88' lang='lat' dir='ltr'><strong>socias</strong></span> <span class='ocrx_word' id='word_1_239' title='bbox 1419 4092 1689 4160; x_wconf 90' lang='lat' dir='ltr'><strong>haberet</strong></span> <span class='ocrx_word' id='word_1_240' title='bbox 1746 4104 1809 4158; x_wconf 88' lang='lat' dir='ltr'><strong>et</strong></span> <span class='ocrx_word' id='word_1_241' title='bbox 1865 4103 2197 4160; x_wconf 88' lang='lat' dir='ltr'><strong>veteranos</strong></span> <span class='ocrx_word' id='word_1_242' title='bbox 2267 4092 2557 4162; x_wconf 89' lang='lat' dir='ltr'><strong>omnibus</strong></span> 
     </span>
     <span class='ocr_line' id='line_1_34' title="bbox 466 4205 2555 4299; baseline 0.002 -27"><span class='ocrx_word' id='word_1_243' title='bbox 466 4205 648 4273; x_wconf 88' lang='lat' dir='ltr'><strong>bellis</strong></span> <span class='ocrx_word' id='word_1_244' title='bbox 695 4210 1070 4277; x_wconf 84' lang='lat' dir='ltr'><strong>exercitatos</strong></span> <span class='ocrx_word' id='word_1_245' title='bbox 1117 4208 1380 4277; x_wconf 90' lang='lat' dir='ltr'><strong>inimicis</strong></span> <span class='ocrx_word' id='word_1_246' title='bbox 1428 4208 1760 4298; x_wconf 87' lang='lat' dir='ltr'><strong>objiceret:</strong></span> <span class='ocrx_word' id='word_1_247' title='bbox 1821 4208 1940 4278; x_wconf 87' lang='lat' dir='ltr'><strong>sed</strong></span> <span class='ocrx_word' id='word_1_248' title='bbox 1987 4211 2122 4299; x_wconf 89' lang='lat' dir='ltr'><strong>jam</strong></span> <span class='ocrx_word' id='word_1_249' title='bbox 2176 4210 2260 4278; x_wconf 91' lang='lat' dir='ltr'><strong>de</strong></span> <span class='ocrx_word' id='word_1_250' title='bbox 2304 4229 2555 4282; x_wconf 87' lang='lat' dir='ltr'><strong>summo</strong></span> 
     </span>
    </p>
   </div>
  </div>
 </body>
</html>
