2998 4863
1247 364 1682 429 -13—

589 543 715 607 His
744 538 1045 606 brevibus
1093 536 1601 603 annotationibus
1649 537 2014 622 praemissis
2060 535 2144 600 ad
2192 556 2515 628 exponen-

410 656 561 723 dam
606 657 870 722 Baconis
916 654 1292 721 sententiam
1337 650 1837 739 progrediamur.

476 960 544 1025 11.
632 954 1030 1023 DOCTRINA
1077 954 1296 1031 QUAM
1339 951 1549 1017 BACO
1599 952 1703 1015 DE
1750 950 2178 1016 REPUBLICA
2225 950 2449 1016 INSTl-

1109 1069 1416 1135 TUENDA
1459 1066 1806 1131 EXPONIT.

581 1230 649 1297 ln
695 1249 896 1318 opere
940 1227 1047 1292 illo
1093 1228 1376 1305 Baconis,
1424 1224 1603 1314 quod
1651 1224 1735 1290 de
1780 1222 2082 1311 dignitate
2116 1233 2180 1288 et
2210 1242 2515 1310 augmen-

403 1347 482 1413 tis
530 1346 937 1412 scientiarum
985 1343 1356 1429 inscriptum
1405 1352 1520 1419 est,
1566 1357 1924 1426 omnesque
1960 1337 2273 1403 humanas
2304 1339 2514 1404 scien-

405 1463 520 1528 tias
567 1459 1035 1548 complectitur,
1092 1468 1436 1546 postquam
1492 1454 1578 1520 ad
1632 1453 2001 1533 „Dotrinam
2047 1452 2179 1518 sive
2226 1452 2515 1518 Philoso-

403 1576 618 1664 phiam
684 1576 932 1642 civilem
945 1587 974 1615 ‘⁴
1031 1573 1343 1662 pervenit,
1415 1589 1691 1657 eamque
1762 1574 1837 1655 1)
1897 1568 1957 1632 in
2023 1565 2376 1633 doctrinam
2432 1565 2515 1631 de

405 1693 907 1769 conversatione,
955 1693 1029 1779 2)
1081 1691 1142 1754 in
1190 1688 1544 1754 doctrinam
1592 1684 1674 1749 de
1722 1683 2010 1770 negotiiS,
2056 1687 2120 1768 3)
2166 1682 2230 1747 in
2276 1680 2515 1747 doctri-

403 1825 552 1870 nam
599 1803 685 1869 de
731 1805 999 1888 imperio
1047 1812 1112 1866 et
1157 1799 1490 1885 republica
1538 1794 1877 1874 distribuit,
1935 1797 2181 1861 miraris
2227 1796 2515 1874 sortasse,

405 1915 585 2002 quod
640 1914 725 1978 de
769 1914 956 1975 tertia
999 1911 1121 1975 hac
1166 1919 1376 1997 parte,
1434 1909 1518 1972 de
1565 1907 1821 1992 politice
1869 1908 2181 1973 silentium
2230 1908 2350 1974 sibi
2395 1912 2515 1974 im-

407 2033 607 2111 peret,
641 2043 1030 2110 quamquam
1074 2022 1261 2110 hujus
1294 2019 1616 2098 scientiae,
1663 2032 1731 2085 ut
1773 2021 1911 2107 ipse
1942 2021 2187 2098 fatetur,
2234 2021 2345 2087 fuit
2396 2043 2513 2109 pe-

406 2138 737 2204 ritissimus
754 2143 857 2227 ²⁰):

494 2263 755 2341 „utpote
811 2253 921 2341 qui
973 2253 1162 2340 longa
1210 2250 1603 2338 experientia
1649 2252 1919 2320 edoctus
1966 2263 2029 2318 et
2075 2272 2193 2339 per
2236 2261 2330 2317 tot
2376 2273 2515 2318 mu-

487 2388 714 2436 nerum
760 2378 824 2435 et
870 2366 1180 2434 honorum
1227 2365 1464 2456 gradus
1513 2366 1596 2433 ad
1643 2368 2102 2457 amplissimum
2150 2368 2329 2457 regni
2377 2387 2512 2434 ma-

487 2485 816 2572 gistratum
885 2492 1147 2550 evectus
1214 2481 1434 2561 suerit,
1508 2484 1750 2571 quique
1809 2485 2001 2550 etiam
2066 2485 2228 2551 inter
2287 2505 2512 2551 omnes

485 2611 656 2666 artes
713 2600 1054 2687 plurimum
1115 2598 1424 2685 temporis
1486 2598 1548 2663 in
1608 2598 1880 2665 historiis
1938 2609 2004 2664 et
2061 2598 2310 2687 legibus
2357 2620 2510 2665 con-

482 2716 774 2784 triverit.“

395 2827 529 2893 Sed
572 2838 831 2915 praeter
878 2827 1028 2906 alia,
1087 2847 1257 2914 quae
1320 2850 1467 2894 eum
1518 2840 1874 2908 moverunt,
1930 2843 2001 2893 ut
2056 2826 2138 2892 ab
2190 2827 2312 2892 hac
2357 2848 2509 2913 pro-

395 2942 597 3007 vincia
642 2939 1018 3019 abstineret,
1070 2940 1235 3005 baec
1283 2961 1478 3008 causa
1522 2942 1889 3030 principalis
1935 2942 2072 3021 suit,
2121 2940 2299 3028 quod
2347 2961 2508 3026 opus

395 3053 550 3120 illud
605 3055 742 3143 regi
786 3053 1025 3122 Jacobo
1074 3053 1415 3135 dedicavit,
1475 3057 1584 3143 qui
1632 3078 1704 3122 se
1752 3057 1954 3121 virum
1999 3055 2289 3142 politices
2336 3055 2508 3141 peri-

394 3170 706 3235 tissimum
751 3168 1139 3257 gloriabatur
1157 3176 1231 3257 21)
1280 3181 1344 3236 et
1389 3172 1514 3259 qui,
1569 3182 1637 3237 ut
1680 3174 1851 3238 Baco
1897 3172 2036 3258 ipse
2084 3180 2398 3235 memorat
2414 3176 2508 3257 ²²),

532 3441 622 3514 20)
660 3443 741 3498 De
779 3443 1134 3510 muneribus,
1175 3444 1383 3513 quibus
1420 3446 1568 3500 Baco
1608 3448 1836 3502 functus
1875 3455 1984 3512 est,
2022 3444 2151 3499 vide
2188 3444 2286 3501 fin.
2323 3446 2467 3500 Diss,

530 3533 625 3600 21)
661 3530 888 3586 Mallet
923 3530 1034 3584 vita
1070 3530 1310 3587 Baconis
1347 3531 1418 3587 de
1452 3533 1664 3588 Jacobo
1702 3532 1870 3590 haec:

537 3620 663 3689 „He
699 3617 906 3689 {placed
944 3633 1016 3672 an
1059 3618 1274 3674 infinite
1321 3618 1484 3674 value
1522 3635 1598 3673 on
1634 3620 1722 3677 his
1757 3621 1890 3689 long
1926 3621 2331 3690 acquaintance
2368 3619 2503 3675 with

391 3707 485 3764 the
535 3706 718 3778 prime
768 3706 1066 3779 mysteries
1121 3706 1185 3761 of
1233 3711 1692 3777 governement.“
1768 3708 1877 3766 Cfr.
1936 3708 2006 3763 de
2060 3708 2257 3780 Augm.
2305 3710 2500 3765 scient.

391 3795 505 3853 Lib.
542 3796 671 3854 vm.
712 3811 760 3851 o.
799 3800 870 3852 1.:
2396 3842 2407 3850 .

461 3899 743 3955 „cumque
791 3881 860 3938 ad
898 3887 1111 3938 tantum
1149 3898 1341 3953 regem
1378 3883 1646 3955 scribam,
1698 3887 1795 3957 qui
1833 3887 2119 3957 perfectus
2159 3886 2299 3941 adeo
2337 3886 2395 3940 in
2433 3901 2499 3940 ea

462 3977 579 4027 arte
616 3973 687 4028 sit
722 3971 1008 4041 magister,
1044 3971 1341 4042 ipsamque
1378 3970 1448 4026 ab
1486 3973 1841 4031 incunabulis
1879 3976 1998 4031 suis
2036 3974 2308 4041 hauserit3
2346 3975 2462 4014 -“

527 4060 617 4133 22)
653 4060 801 4116 Baco
840 4058 909 4114 de
945 4057 1083 4130 Aug.
1121 4060 1316 4117 scient.
1388 4060 1504 4117 Lib.
1542 4062 1663 4134 vn,
1700 4080 1747 4119 c.
1785 4064 1845 4119 11.

529 4146 666 4202 Vide
714 4149 876 4203 etiam
921 4147 1039 4202 Lib.
1077 4148 1137 4203 ΙΙ.
1186 4149 1248 4204 of
1291 4148 1383 4205 the
1430 4149 1842 4208 advancement
1887 4154 1948 4208 of
1988 4151 2268 4218 Leaming
2318 4146 2396 4214 (d.
2432 4144 2495 4198 Aa

389 4231 503 4305 Sc.)
558 4230 920 4308 Considering
956 4236 1074 4293 that
1114 4237 1134 4292 1
1168 4238 1331 4295 write
1367 4243 1425 4295 to
1463 4256 1496 4295 a
1531 4239 1689 4310 king,
1745 4239 1861 4296 that
1895 4239 1944 4294 is
1981 4255 2013 4294 a
2048 4243 2259 4293 master
2293 4236 2357 4289 of
2387 4232 2496 4290 this
