2998 4863
1236 336 1668 400 ...7-

401 514 693 582 obnoxia
734 513 817 577 sit
861 512 962 577 illa
1006 511 1318 587 sententia
1337 561 1353 593 ‚
1413 529 1582 598 quae
1630 510 1835 576 solam
1882 512 2335 598 aperientium
2385 514 2524 579 fon..

405 641 547 697 tem
580 625 942 715 ducemque
974 624 1185 694 habet.
1218 625 1393 690 ›Sunt
1425 622 1558 691 duo
1589 625 1925 713 conjuncta
1953 627 2019 691 in
2049 624 2171 692 hac
2201 625 2524 706 methodo,

409 760 691 831 quorum
734 741 934 810 altera
981 750 1082 807 est
1125 740 1419 819 materia,
1465 739 1667 805 altera
1711 739 1932 819 forma,
1980 760 2148 829 quae
2195 744 2523 807 materiam

414 857 720 936 continet3
789 855 857 921 id
905 855 1083 945 quod
1129 856 1336 921 forma
1383 855 1767 933 continetur,
1827 866 1949 934 est,
2009 854 2186 943 quod
2234 854 2527 923 sensibus

415 970 738 1060 objectum
786 981 910 1051 est;
960 981 1106 1037 sunt
1151 970 1387 1036 multae
1432 990 1652 1035 rerum
1700 969 1980 1056 species;
2027 970 2230 1039 forma
2260 972 2400 1059 ipsa
2432 983 2530 1037 est

414 1106 519 1153 res
564 1086 942 1152 universalis
987 1097 1253 1152 naturae
1301 1095 1365 1151 et
1408 1084 1512 1150 lex
1562 1082 1886 1172 quaedam
1923 1086 2313 1152 necessaria.
2404 1086 2530 1152 Re-

409 1222 555 1267 rum
610 1210 831 1267 autem
891 1202 1144 1289 species
1200 1200 1471 1266 infinitas
1518 1204 1846 1287 nunquam
1902 1200 2245 1288 complecti
2298 1221 2531 1288 possu-

408 1337 587 1395 muS,
644 1317 761 1395 ita,
816 1326 886 1382 nt
940 1316 1098 1382 inde
1146 1335 1475 1404 nunquam
1523 1313 1606 1380 ad
1652 1315 1864 1402 legem
1910 1316 2113 1403 ipsam
2162 1317 2533 1404 principem,

407 1430 496 1498 ab
545 1432 719 1498 omni
766 1430 1157 1498 dubitatione
1193 1442 1510 1498 remotam
1542 1430 1903 1497 ascendere
1935 1431 2272 1518 possimuS,
2316 1451 2532 1519 neque

410 1547 609 1613 etiam
675 1548 1045 1617 necessaria
1100 1545 1560 1636 progrediendi
1615 1544 1924 1613 methodo
1985 1547 2394 1633 pervenimus
2450 1545 2538 1611 ad

410 1683 635 1730 rerum
680 1662 1058 1752 principium
1117 1675 1185 1730 et
1240 1663 1507 1741 fontem,
1578 1660 1698 1728 sed
1758 1662 1942 1749 quasi
1998 1662 2536 1749 interrumpentes

413 1778 719 1844 infinitam
765 1779 1002 1844 seriem
1030 1777 1120 1843 <ad
1150 1798 1467 1843 summam
1502 1778 1715 1864 legem
1745 1775 2094 1855 evadimus,
2142 1797 2312 1865 quae
2344 1776 2536 1843 etiam

407 1894 504 1957 ita
549 1904 858 1977 tanquam
904 1911 1063 1955 casu
1106 1891 1357 1954 inventa
1386 1900 1454 1953 et
1482 1910 1522 1952 a
1553 1899 1769 1957 mente
1814 1900 2032 1954 nostra
2077 1889 2346 1956 feliciter
2384 1909 2538 1956 con-

409 2016 641 2090 cepta,
697 2000 817 2067 sed
876 2022 1003 2067 non
1064 2010 1238 2066 certa
1294 2002 1782 2090 argumentandi
1837 2006 2079 2068 ratione
2139 2000 2368 2069 effecta
2425 2015 2540 2072 est.

420 2117 505 2182 Et
544 2136 645 2183 ne*
675 2115 758 2181 ad
806 2115 947 2181 illas
992 2113 1256 2202 quidem
1288 2115 1922 2202 superiones·causas
1955 2128 2019 2183 et
2048 2117 2229 2206 leges
2260 2118 2538 2187 evadere

422 2232 736 2320 potuisset
780 2229 1194 2316 experientia,
1261 2230 1401 2294 nisiss
1429 2230 1565 2316 jam
1611 2231 1675 2295 in
1721 2232 1934 2298 animo
1980 2234 2276 2299 conditae
2323 2246 2541 2302 essent

420 2357 487 2411 et
529 2346 916 2411 lineamenta
973 2364 1198 2411 earum
1254 2344 1318 2409 in
1375 2346 1588 2413 animo
1643 2345 1966 2435 descripta
2004 2348 2313 2436 jacerent.
2402 2350 2542 2417 Hoc

417 2463 661 2529 verum?
690 2480 853 2538 esse,
896 2470 1122 2547 aperte
1171 2459 1385 2528 elucet·
1425 2462 1489 2527 in
1535 2460 1738 2527 rebus
1780 2460 1865 2527 ad
1923 2463 2175 2531 ethicen
2213 2465 2541 2552 pertinen-

417 2577 615 2657 tibus;
662 2596 811 2642 nam
859 2575 1052 2642 etiam
1097 2573 1184 2640 ad
1228 2575 1485 2664 regulas
1529 2578 1697 2643 vitae
1745 2578 2169 2645 instituendae
2195 2579 2539 2666 experien-

419 2695 505 2759 tia
561 2691 903 2781 pervenire
960 2693 1089 2754 non
1147 2701 1398 2776 posset,
1466 2691 1585 2757 nisi
1654 2694 1813 2758 recti
1878 2692 2162 2783 bonique
2230 2695 2540 2783 imagines

418 2808 667 2876 animus
714 2805 899 2895 quasi
945 2825 985 2869 a
1028 2814 1254 2871 natura
1310 2805 1529 2870 insitas
1587 2816 1848 2874 teneret.
1937 2808 2076 2875 Sed
2132 2821 2419 2900 systema
2479 2821 2543 2877 et

425 2941 663 3008 corpus
716 2921 881 2986 vitae
939 2917 1363 2986 instituendae
1417 2918 1601 3006 leges
1647 2941 1728 2986 ex
1771 2942 2024 2987 summo
2069 2923 2242 2992 fonte
2290 2924 2540 2990 deriva-

428 3047 525 3102 tas
574 3034 917 3109 continens,
964 3054 1046 3100 ex
1088 3034 1195 3099 ille
1239 3033 1546 3100 methodo
1591 3053 1920 3123 nunquam
1967 3038 2145 3104 nasci
2190 3046 2417 3123 potest.
2449 3042 2540 3130 1²)

426 3148 561 3217 Sed
592 3171 738 3218 cum
760 3151 893 3237 jam
927 3150 1025 3214 vix
1054 3135 1195 3216 fieri
1240 3170 1436 3237 posse
1481 3148 1788 3231 videatur,
1833 3162 1902 3215 ut
1943 3151 2116 3216 illam
2164 3151 2540 3220 methodum

424 3266 681 3332 unicam
738 3263 858 3331 sibi
916 3264 1152 3331 ducem
1209 3265 1400 3353 eligat
1443 3266 1672 3356 aliquis
1718 3265 1803 3333 ad
1849 3265 2138 3354 politices
2186 3278 2250 3336 et
2295 3268 2540 3337 ethices

426 3381 726 3448 scientias
752 3380 1248 3468 componendas
1281 3381 1488 3459 etiam,
1521 3383 1575 3447 si
1596 3384 1917 3449 Baconem
1949 3383 2324 3449 methodum
2353 3406 2539 3452 suam

425 3493 740 3562 obstinate
798 3506 1091 3562 secutum
1153 3516 1298 3561 esse
1366 3505 1767 3584 putaremus,
1835 3497 2098 3561 nimium
2155 3496 2536 3566 falleremur.

564 3764 660 3825 12)
699 3760 1004 3833 Spinoza
1052 3764 1110 3818 in
1151 3762 1347 3817 litteris
1401 3765 1516 3827 (10.
1560 3763 1686 3817 Juni
1738 3764 1876 3822 1660
1921 3763 2257 3836 Voorburgii
2300 3769 2540 3840 scriptiS,

424 3847 482 3904 in
529 3848 776 3910 editione
820 3851 977 3906 Pauli
1004 3849 1203 3917 miae)
1241 3866 1349 3921 pro
1386 3851 1594 3921 ingenii
1629 3852 1721 3909 sui
1756 3854 2053 3923 sagacitate
2089 3854 2147 3909 id
2186 3854 2332 3925 vidit,
2372 3856 2543 3912 Boeo-

422 3939 630 4007 nisque
665 3938 997 3994 methodum
1037 3937 1563 4011 recte-dijudicavit.
1624 3943 1825 3997 Totum
1861 3940 2051 3998 locum
2088 3942 2505 4000 describamus:

497 4026 614 4094 „Ex
651 4026 741 4083 his
776 4027 944 4098 igitur
970 4026 1409 4100 ctare-apparet,
1450 4030 1628 4100 qualis
1665 4046 1795 4087 esse
1833 4030 2037 4086 debeat
2073 4047 2206 4087 vera
2244 4032 2541 4089 methodus

478 4119 553 4168 ‘zet
585 4114 801 4186 in'quo
839 4113 1203 4188 potissimum·
1236 4117 1528 4186 consistat,
1565 4134 1774 4190 nempe
1811 4118 1870 4173 in
1905 4120 2025 4176 sola
2062 4123 2192 4190 puri
2228 4122 2541 4176 intellectus

498 4202 818 4271 cognitione
868 4203 1108 4273 ejusque
1131 4207 1386 4261 naturae
1422 4209 1479 4260 et
1516 4205 1726 4275 legum,
1751 4223 1922 4275 quae
1959 4211 2021 4268 ut
2056 4207 2400 4277 acquiratur,
2444 4223 2541 4263 ne-
