2998 4863
1362 343 1798 405 —22-..

534 510 809 577 veritatis
852 531 1075 577 norma
1121 510 1351 577 ductus
1395 523 1510 590 est,
1557 512 1676 579 sed
1718 525 1783 580 et
1815 514 1939 579 alia
1967 517 2305 584 commoda
2332 525 2627 609 respexit,

532 643 699 713 quae
724 644 933 692 „verae
978 627 1101 713 legi
1148 628 1405 692 minime
1451 639 1821 716 congruunt.
1912 631 2073 696 Nam
2115 634 2398 720 saepiuS‚
2443 637 2497 701 si
2539 637 2625 704 ad

530 760 635 806 res
691 741 864 827 ipsas
920 750 984 805 et
1039 739 1123 805 ad
1179 762 1397 807 rerum
1455 742 1849 812 conditiones
1904 747 2163 835 respicit
2220 748 2312 813 vir
2355 751 2625 838 sapiens,

531 853 867 921 immobilis
911 856 1076 922 vitae
1121 857 1347 944 regula
1391 857 1718 944 paululum
1761 859 2097 928 inflectitur
2142 874 2206 927 et
2248 863 2626 944 immutatur,

530 979 599 1035 ut
657 970 846 1035 etiam
903 968 989 1035 ad
1041 969 1455 1058 prudentiore
1512 973 1713 1060 magis
1769 995 1968 1063 quam
2015 974 2323 1065 sapientia
2368 981 2626 1048 consilia

532 1082 934 1153 descendere
978 1083 1281 1151 videatur.

527 1492 620 1560 IV.
708 1492 814 1556 DE
846 1492 1163 1558 IMPERIO
1194 1493 1286 1557 ET
1318 1493 1653 1560 RATIONE
1686 1495 1893 1574 QUAE
1922 1497 2374 1565 INTERCEDIT
2402 1498 2626 1565 INTER

713 1605 1086 1671 IMPERIUM
1131 1606 1360 1673 REGIS
1406 1608 1498 1673 ΕΤ
1544 1609 2041 1679 SUBDITORUM
2087 1613 2448 1683 ORDINES.

707 1775 947 1841 Omnes
995 1776 1101 1863 qui
1132 1774 1471 1840 humanam
1504 1778 1816 1844 rationem
1843 1789 2263 1870 naturamque
2293 1802 2444 1848 vere
2476 1802 2628 1869 per-

528 1905 873 1977 spexerunt
919 1899 983 1955 et
1028 1888 1260 1977 quibus
1306 1889 1559 1979 legibus
1604 1896 1850 1961 animus
1896 1896 2223 1963 hominum
2251 1907 2490 1985 pareat,
2523 1881 2626 1965 'vi-

528 2003 784 2083 derunt,
842 2006 1130 2071 homines
1188 2027 1315 2071 non
1371 2007 1431 2072 vi
1486 2017 1730 2075 tantum
1786 2023 2055 2078 externa
2109 2016 2429 2101 potentiae
2474 2015 2628 2101 regi,

486 2140 493 2145 “
527 2118 649 2185 sed
691 2118 1022 2186 virtutibus
1066 2118 1485 2187 libentissime
1530 2142 1779 2209 parere,
1823 2127 1931 2211 ita,
1976 2136 2049 2192 ut
2090 2127 2193 2206 illi,
2236 2129 2346 2215 qui
2390 2126 2628 2214 guber-

524 2235 753 2300 nacula
796 2244 986 2312 tenet,
1030 2255 1158 2299 non
1201 2245 1444 2299 tantum
1487 2247 1790 2322 potestas,
1837 2238 1954 2304 sed
2000 2241 2188 2304 etiam
2219 2241 2479 2304 virtutes
2507 2235 2625 2301 ad-

527 2366 671 2412 esse
722 2344 1017 2427 debeant,
1059 2358 1129 2412 ut
1172 2348 1439 2416 feliciter
1485 2349 1755 2417 subditis
1798 2352 2117 2440 imperare
2162 2351 2375 2436 possit.
2463 2349 2624 2412 Nam

527 2462 772 2528 animus
832 2462 1158 2532 hominum
1215 2477 1311 2531 est
1368 2468 1454 2532 ita
1512 2478 1942 2555 comparatuS‚
2002 2475 2070 2529 ut
2118 2464 2176 2528 ei
2219 2473 2463 2528 tantum
2507 2459 2621 2527 ob-

528 2575 724 2658 ediat,
771 2579 879 2665 qui
924 2580 986 2643 in
1031 2578 1106 2645 iis
1150 2580 1509 2662 virtutibuS,
1568 2600 1735 2667 quae
1784 2578 2077 2645 eximiam
2121 2576 2392 2643 hominis
2437 2586 2619 2642 natu-

523 2710 663 2756 ram
711 2692 1107 2770 constituunt‚
1154 2695 1425 2759 caeteris
1469 2692 1815 2780 praecellit.
1889 2690 2078 2770 Quod
2123 2692 2314 2759 etiam
2360 2712 2481 2780 pro
2506 2711 2624 2758 sua

524 2807 831 2895 sapientia
873 2804 1029 2872 vidit
1068 2807 1263 2873 Baco:

588 2922 669 3010 41)
714 2922 1048 3003 „Quamvis
1105 2924 1274 2988 enim
1330 2923 1441 3012 qui
1499 2923 1565 2987 in
1607 2922 1804 3010 literis
1848 2922 2039 2989 vitam
2082 2923 2353 2989 maxime
2398 2922 2618 2989 tradu-

611 3049 866 3119 xerunt,
924 3039 1128 3105 minus
1187 3038 1456 3106 solertes
1512 3038 1633 3103 sint
1688 3047 1882 3126 atque
1936 3037 2265 3104 versatiles
2321 3037 2384 3103 in
2428 3057 2618 3103 occa-

612 3153 897 3219 sionibus
952 3152 1331 3241 prensandis
1388 3162 1583 3241 atque
1641 3151 2136 3218 accomodandis
2193 3150 2415 3233 rebus;
2488 3172 2618 3241 quo

614 3277 904 3354 spectant
951 3288 1060 3350 ea,
1125 3286 1292 3355 quae
1341 3265 1422 3333 ab
1468 3267 1637 3335 Italis
1682 3269 1985 3356 „ragione
2034 3267 2097 3332 di
2140 3276 2349 3334 stato“
2395 3267 2619 3336 dicun-

613 3390 730 3461 tur,
779 3401 1052 3470 quorum
1095 3401 1329 3448 nomen
1376 3393 1700 3449 aversatus
1747 3392 1845 3449 est
1886 3383 2033 3448 Pius
2067 3383 2352 3464 Quintus,
2398 3383 2615 3450 solitus

613 3495 861 3563 dicere:
939 3497 1093 3562 Esse
1125 3517 1303 3562 mera
1332 3497 1644 3564 malorum
1673 3498 1999 3565 hominum
2030 3509 2403 3576 commenta,
2448 3516 2616 3585 quae

613 3619 1087 3697 opponerentur
1142 3610 1424 3700 religioni
1484 3625 1548 3678 et
1601 3612 1930 3680 virtutibus
1988 3610 2357 3680 moralibus:
2416 3610 2479 3676 in
2536 3632 2615 3676 eo

606 3735 822 3792 tamen
879 3723 1136 3791 abunde
1193 3725 1262 3791 fit
1320 3728 1778 3815 compensati0‚
1841 3727 2017 3816 quod
2068 3747 2187 3813 per
2229 3735 2433 3789 tutum
2476 3725 2613 3814 pla-

608 3860 888 3928 numque
928 3841 1049 3906 iter
1080 3841 1430 3931 Religionis
1471 3844 1766 3931 justitiae,
1810 3841 2159 3907 honestatis
2190 3839 2612 3929 virtutumque

606 3955 940 4021 moralium
997 3968 1290 4045 prompte
1338 3958 1767 4047 expediteque
1813 3953 2134 4021 incedant:
2198 3974 2389 4043 quam
2432 3956 2614 4036 viam,

655 4203 744 4276 41)
779 4205 861 4261 De
897 4207 1094 4277 Augm.
1134 4205 1337 4262 Scient.
1375 4205 1491 4263 Lib.
1529 4204 1567 4257 Ι.
1605 4221 1666 4274 ρ.
1695 4205 1785 4262 62.
1827 4204 2006 4272 (Tom.
2045 4203 2182 4275 Vll.)
