2998 4863
1251 380 1682 445 ...73-

434 574 617 647 spem
677 556 915 621 nutrire
973 564 1034 619 et
1092 553 1351 641 injicere
1408 564 1602 641 atque
1661 552 1948 617 homines
2008 572 2045 615 a
2105 573 2220 639 spe
2288 552 2406 616 alia
2464 554 2526 616 in

434 674 621 739 aliam
680 668 1187 747 circumducere,
1256 689 1336 734 ex
1392 668 1743 734 fortissimis
1801 677 1899 732 est
1954 675 2171 731 contra
2218 686 2527 731 venenum

437 785 915 852 malevolentiae
962 783 1270 849 antidotis.
1361 785 1586 871 Neque
1635 782 1868 846 certius
1917 792 2014 846 est
2036 779 2347 868 judicium
2379 802 2527 866 pru-

438 901 643 965 dentis
707 898 1027 987 regiminis
1098 910 1162 964 et
1227 918 1442 962 rerum
1511 895 2090 971 administ1·ationi8‚
2161 914 2353 982 quam
2421 894 2529 958 ubi

436 1015 723 1080 homines
768 1033 886 1100 spe
933 1012 1237 1079 contineri
1285 1012 1498 1100 possit,
1547 1031 1690 1076 cum
1723 1009 2147 1077 satisfaciendi
2192 1010 2374 1096 copia
2405 1028 2532 1074 non

438 1128 682 1195 datur.“
773 1129 980 1206 „Trita
1037 1146 1192 1193 sane
1262 1137 1359 1192 est
1427 1124 1545 1192 sed
1617 1124 2016 1212 praecellens
2083 1124 2533 1211 periculorum,

437 1262 602 1331 quae
651 1222 1130 1308 malevolentiae
1175 1241 1506 1320 minantur,
1553 1240 1775 1317 cautio,
1822 1247 1890 1303 ut
1932 1236 2404 1325 praevideatur,
2450 1259 2531 1303 ne

432 1360 512 1424 sit
569 1367 759 1446 caput
815 1354 1077 1445 aliquod
1136 1355 1218 1421 ad
1277 1355 1455 1443 quod
1515 1353 1787 1441 populus
1834 1353 2114 1418 infensus
2162 1364 2225 1419 et
2271 1374 2533 1420 exacer-

432 1473 621 1540 batus
669 1471 994 1541 confluere
1043 1480 1105 1535 et
1150 1467 1269 1535 sub
1318 1471 1498 1557 cujus
1546 1466 1870 1556 praesidio
1901 1467 1965 1531 in
2009 1487 2240 1555 corpus
2272 1468 2533 1556 aliquod

433 1590 605 1656 coire
661 1589 880 1676 possit.
975 1584 1177 1673 Caput
1233 1605 1353 1673 ego
1409 1584 1585 1649 illum
1636 1583 1777 1648 dico
1826 1592 1890 1648 et
1937 1582 2169 1648 ducem
2216 1584 2534 1662 idoneum,

433 1706 541 1792 qui
587 1704 909 1770 nobilitate
958 1711 1024 1766 et
1067 1699 1527 1766 existimatione
1576 1696 1991 1765 celebratur.“
2082 1697 2267 1764 Aliud
2321 1720 2533 1765 reme-

435 1818 613 1883 dium
657 1815 830 1879 haud
876 1810 1412 1879 contemnendum
1459 1808 1612 1873 dicit
1655 1811 1838 1886 Baco,
1884 1820 1952 1873 ut
1984 1810 2341 1878 discordiae
2374 1813 2535 1879 inter

435 1927 737 1993 factiosos
781 1923 1188 1991 seminentur.
1277 1922 1649 1999 „Postremo
1706 1920 1766 1984 in
1824 1941 2047 1987 omnes
2103 1935 2366 1990 eventus
2424 1926 2537 1991 ha..

442 2040 641 2106 beant
698 2038 867 2103 circa
923 2056 994 2101 se
1049 2036 1371 2122 principes
1427 2053 1738 2121 personas
1806 2036 2138 2103 nonnullas
2205 2037 2420 2104 militia
2474 2052 2538 2107 et

443 2151 802 2220 fortitudine
849 2159 1165 2238 spectatas
1210 2149 1289 2215 ad
1337 2148 1784 2241 reprimendas
1829 2148 2174 2219 seditiones
2219 2154 2283 2218 in
2321 2154 2537 2241 primis

442 2267 765 2336 motibus.“

629 2569 700 2638 11.
787 2551 892 2635 DE
938 2566 1483 2637 PROFERENDIS
1532 2568 1829 2637 F1N1ssus
1875 2570 2340 2661 IMPER11.12⁴)

611 2732 958 2818 Postquam
1001 2729 1273 2796 vidimus
1319 2728 1609 2796 remedia
1655 2729 1892 2819 quibus
1938 2730 2302 2819 respublica
2346 2732 2537 2799 inter-

435 2848 531 2911 nis
590 2844 771 2907 malis
828 2843 1128 2919 occurrit,
1195 2844 1463 2906 Baconis
1523 2845 1866 2907 sententias
1924 2844 2259 2907 audiamus
2306 2844 2388 2910 de
2434 2867 2540 2910 ra-

437 2962 637 3039 tione,
705 2976 835 3044 qua
889 2953 1258 3042 respublica
1311 2952 1474 3018 fines
1544 2955 1824 3039 proferat
1881 2965 1945 3019 et
2011 2953 2287 3018 finitimis
2354 2958 2540 3020 terris

363 3049 364 3052 Ἴ
438 3072 717 3140 subactis
777 3090 1073 3137 crescere
1119 3067 1338 3174 possit.
1430 3069 1839 3155 Quamquam
1890 3066 2052 3133 haec
2094 3067 2280 3145 rati0,
2337 3067 2541 3155 impe-

438 3188 601 3254 rium
646 3185 907 3274 aliquod
951 3183 1381 3274 amplificandi
1425 3184 1510 3250 ad
1554 3184 1761 3272 prima
1804 3193 2044 3249 tantum
2092 3181 2262 3249 initia
2289 3194 2540 3251 nostro-

439 3324 582 3368 rum
636 3322 978 3388 regnorum
1035 3303 1331 3388 pertinet,
1401 3321 1569 3389 quae
1637 3309 1786 3388 post
1854 3298 2131 3366 dirutum
2200 3299 2540 3388 imperium

439 3420 791 3483 Romanum
839 3416 900 3479 in
931 3416 1221 3501 Europae
1267 3415 1533 3481 diversis
1578 3414 1861 3502 partibus
1908 3415 2280 3495 consedere,
2328 3428 2392 3482 et
2422 3438 2540 3505 per

441 3530 724 3598 medium
762 3530 894 3616 jam
942 3547 1167 3593 aevum
1210 3530 1428 3616 populi
1475 3551 1548 3595 se
1605 3531 1971 3597 continuere
2019 3531 2081 3596 in
2126 3531 2245 3597 illis
2291 3531 2538 3612 finibuS,

442 3669 607 3736 quos
663 3655 810 3734 post
865 3642 1136 3731 primam
1191 3653 1402 3707 terrae
1460 3644 1945 3729 occupationem
1990 3643 2110 3711 sibi
2166 3658 2537 3734 posuerant;

442 3772 669 3843 tamen,
714 3770 861 3850 post
905 3777 1106 3825 novae
1152 3768 1361 3823 terrae
1406 3766 1651 3845 partem
1699 3758 2012 3826 inventam
2059 3772 2122 3827 et
2167 3783 2363 3831 novas
2408 3764 2537 3830 vias

438 3953 854 3962 W—.—-—-

587 4060 706 4134 124)
743 4062 914 4119 Serm.
971 4063 1114 4120 fidel.
1172 4064 1325 4122 'I'om.
1381 4062 1452 4119 X.
1509 4079 1564 4133 p.
1622 4066 1704 4119 78.
1796 4062 1934 4118 Cum
1979 4062 2086 4116 hoc
2134 4062 2534 4120 commentario

442 4163 739 4220 compares
788 4152 1259 4209 dissertationem:
1319 4151 1393 4205 Of
1425 4148 1516 4206 the
1557 4155 1679 4205 true
1725 4155 2015 4219 greatuess
2053 4147 2115 4201 of
2147 4148 2237 4205 the
2275 4145 2535 4215 kingdom

442 4238 506 4294 of
536 4237 754 4297 Britain.
827 4241 979 4294 Tom.
1020 4238 1106 4295 111.
1140 4255 1196 4307 p.
1234 4242 1353 4294 410.
