2998 4863
1257 373 1685 440 —3'7—

423 551 715 617 scientia:
765 546 881 614 sed
927 568 1072 612 mox
1117 546 1466 613 vehemens
1514 549 1675 613 inter
1722 547 1838 612 has
1886 544 2047 611 duas
2080 547 2382 615 factiones
2415 570 2525 615 ex-

422 666 576 733 arsit
622 674 942 730 certamen
997 674 1062 727 et
1107 682 1254 728 cum
1300 659 1422 726 sub
1471 660 1890 749 sequentibus
1937 658 2197 748 regibus
2245 662 2528 728 doctrina

427 776 1072 847 Romano-catholica
1117 776 1362 842 restitui
1410 787 1474 842 et
1518 798 1664 842 cum
1697 775 1972 843 consiliis
2004 773 2326 841 ecclesiae
2359 778 2525 863 epis-

426 894 672 983 copalis
708 892 1003 981 conjungi
1050 902 1278 978 coepta
1327 901 1515 969 esset,
1564 912 1827 979 magnas
1872 911 2069 978 regno
2094 889 2352 978 Anglico
2396 901 2526 956 tur-

422 1011 539 1077 bas
574 1009 881 1077 excitavit.
959 1007 1118 1072 Cum
1149 1002 1542 1092 reipublicae
1574 1006 1773 1092 ipsius
1804 1004 2099 1081 studium,
2147 1025 2527 1072 consensum

424 1137 488 1193 et
551 1124 1055 1192 conformitatem
1114 1123 1176 1187 in
1234 1119 1431 1187 rebus
1489 1121 1574 1187 ad
1636 1120 2009 1207 religionem
2067 1120 2528 1206 pertinentibus

420 1237 761 1317 efficiendi,
805 1244 1113 1304 successu
1159 1247 1425 1314 careret,
1477 1236 1674 1302 immo
1720 1234 2158 1301 vehementius
2204 1245 2529 1300 certamen

421 1363 828 1444 provocaret,
892 1353 1004 1419 viri
1063 1353 1390 1419 literarum
1447 1353 1635 1438 periti
1695 1350 1816 1416 alia
1871 1350 1971 1415 via
2031 1360 2224 1437 atque
2283 1350 2527 1415 ratione

420 1466 831 1536 concordiam
890 1478 953 1534 et
1008 1468 1312 1533 unitatem
1360 1487 1680 1555 quaerere
1727 1476 2098 1552 coeperunt.
2200 1460 2355 1528 lnde
2404 1464 2530 1528 nati

419 1595 560 1651 sunt
607 1584 886 1650 fautores
934 1583 1250 1671 religionis
1298 1582 1600 1648 naturalis
1616 1584 1723 1671 66),
1769 1580 1878 1668 qui
1921 1579 2109 1666 vulgo
2140 1578 2398 1643 Deistae
2433 1575 2528 1642 di-

419 1711 674 1778 cuntur,
733 1719 1008 1787 quorum
1066 1708 1288 1763 auctor
1348 1707 1413 1762 et
1470 1698 1769 1784 princeps
1831 1692 2206 1771 Herbertus‚
2263 1693 2530 1759 Baconis

420 1815 532 1879 fuit
576 1813 885 1898 aequalis,
960 1812 1130 1873 Baco
1168 1830 1323 1873 vero
1354 1811 1518 1873 inter
1549 1829 1663 1873 eos
1694 1828 1819 1872 non
1851 1819 1951 1872 est
1978 1807 2531 1896 numerandus⁶⁷);

423 1925 713 2012 quamvis
761 1923 900 2007 ejus
943 1919 1344 2004 philosophia
1374 1929 1439 1982 et
1467 1917 1955 2005 philosophandi
1990 1920 2329 1986 methodus
2367 1922 2524 1985 mul-

423 2050 556 2102 tam
601 2035 727 2099 vim
774 2033 1132 2099 exercuerit
1176 2033 1237 2098 in
1284 2031 1423 2097 illos
1468 2032 1657 2115 vil-oe,
1700 2033 1786 2097 ita
1828 2042 1900 2097 ut
1945 2053 2169 2099 eorum
2217 2033 2530 2122 theologia

428 2173 508 2217 ex
552 2148 819 2214 Baconis
865 2145 1171 2213 methodo
1216 2148 1279 2212 in
1325 2167 1433 2213 res
1479 2146 1564 2212 ad
1595 2148 1967 2237 religionem
1997 2150 2389 2236 pertinentes
2420 2149 2531 2214 ad-

429 2264 647 2342 hibita,
694 2274 840 2328 nata
885 2261 1202 2344 videatur3
1263 2262 1382 2329 sed
1431 2264 1492 2328 in
1539 2262 1672 2328 suis
1717 2264 2047 2330 sententiis
2095 2264 2177 2330 de
2227 2265 2530 2352 religione

422 2383 589 2447 Baco
619 2380 808 2467 longe
838 2378 1110 2446 recessit
1138 2376 1221 2445 ab
1253 2379 1561 2468 religione
1594 2377 1888 2460 naturali;
1937 2400 2084 2446 cum
2123 2382 2290 2448 enim
2322 2382 2531 2448 scien-

421 2497 505 2561 tia
573 2494 1014 2583 philosophica
1083 2493 1165 2559 ad
1225 2494 1409 2561 altius
1467 2494 1618 2559 nihil
1677 2495 1986 2582 attingere
2043 2498 2269 2583 possit,
2337 2518 2532 2584 quam

419 2610 598 2701 quod
667 2610 886 2677 sensui
953 2607 1248 2697 subjacet
1317 2621 1382 2675 et
1451 2612 1605 2697 quin
1664 2610 1856 2676 etiam
1875 2617 1949 2698 ⁶⁸)
2018 2612 2221 2700 „legis
2278 2611 2534 2677 moralis

419 2748 648 2817 magna
693 2746 843 2815 pars
875 2723 1206 2791 sublimior
1238 2725 1333 2805 sit,
1381 2746 1574 2813 quam
1609 2747 1739 2813 quo
1786 2726 2000 2793 lumen
2032 2737 2296 2795 naturae
2328 2725 2532 2814 (quod

420 2844 611 2908 etiam
659 2844 969 2906 internam
1017 2840 1230 2926 legem
1278 2840 1706 2905 conscientiae
1738 2844 1944 2927 vocat)
1994 2841 2350 2905 ascendere
2381 2860 2534 2927 pos-

422 2957 551 3033 sit,“
600 2973 933 3040 quumque
964 2951 1286 3038 theologia
1317 2950 1637 3027 naturalis,
1684 2952 1737 3016 si
1769 2951 1925 3038 quid
1956 2953 2136 3030 valet,
2180 2953 2328 3017 nihil
2361 2952 2531 3016 aliud

422 3086 619 3155 quam
646 3068 858 3132 Deum
889 3085 1037 3131 esse
1071 3063 1319 3144 efficiat,
1363 3065 1737 3152 religionem
1772 3075 1985 3130 autem
2014 3087 2166 3132 vere
2200 3063 2533 3130 adstruere

422 3190 730 3270 nequeat,
788 3179 1170 3269 theologiam
1229 3199 1476 3246 sacram
1539 3190 1603 3247 et
1660 3182 2027 3270 inspiratam
2086 3181 2214 3247 vult
2267 3179 2534 3247 derivari

424 3319 506 3363 ex
549 3295 699 3374 fide,
746 3315 940 3384 quam
989 3316 1068 3361 eo
1115 3297 1377 3384 majoris
1423 3297 1585 3377 facit,
1634 3296 1810 3386 quod
1861 3296 1943 3362 de
1991 3298 2064 3362 iis
2108 3295 2306 3363 rebus
2352 3317 2533 3362 men-

423 3423 553 3479 tem
600 3411 943 3476 humanam
987 3410 1281 3484 illustret,
1340 3410 1423 3474 ad
1471 3432 1636 3497 quas
1680 3432 1910 3476 sensus
1958 3414 2316 3499 pertingere
2363 3412 2533 3476 nullo

425 3527 618 3593 modo
666 3534 895 3613 potest.
994 3526 1163 3590 Baco
1224 3544 1525 3611 magnum
1574 3524 1915 3590 discrimen
1964 3546 2109 3590 esse
2155 3526 2329 3612 ponit
2365 3526 2535 3596 {mter

426 3641 889 3730 philosophiam
936 3651 1012 3709 et.
1045 3638 1445 3727 theologiam.
1527 3637 1658 3704 Sed
1707 3640 1996 3727 quamvis
2040 3640 2097 3705 in
2134 3640 2250 3707 hac
2286 3664 2351 3708 re
2386 3663 2532 3708 sen-

562 3886 657 3952 66)
696 3883 833 3940 Vide
868 3883 1100 3950 Burnet3
1139 3880 1391 3951 Lechler‚
1430 3882 1762 3939 Geschichte
1801 3882 1853 3938 d.
1889 3884 2045 3955 Engl.
2082 3886 2360 3941 DeismuS.

564 3972 655 4043 67)
690 3971 1102 4027 Christianisme
1140 3970 1211 4025 de
1247 3970 1513 4044 Francois
1550 3973 1756 4040 Bacon,
1793 3971 2107 4029 chancelier
2142 3972 2535 4043 d'Angleterre.

431 4074 505 4111 ou
561 4058 807 4128 pensees
861 4065 916 4114 et
969 4058 1300 4115 sentiments
1349 4060 1418 4116 (le
1468 4079 1533 4117 ce
1581 4060 1758 4130 grand
1804 4059 2029 4116 homme
2065 4077 2164 4115 sur
2203 4061 2250 4114 la
2291 4060 2535 4127 religion-

427 4160 531 4215 par
567 4146 644 4200 Le
683 4147 838 4217 Sage.
911 4147 1061 4203 Paris
1101 4150 1252 4205 1798.

566 4233 656 4305 68)
692 4236 771 4290 De
810 4235 1004 4305 Augm.
1041 4237 1233 4293 scient.
1261 4239 1361 4310 XI.
1405 4244 1448 4296 1.
