2998 4863
1311 376 1745 440 ..23-

550 561 854 637 tempora
921 547 1126 615 felicia
1193 555 1302 613 aut
1366 548 1638 615 infelicia
1710 545 1948 613 influxu
2016 566 2133 613 suo
2184 536 2569 635 producunt,

565 680 866 751 quaeque
940 665 1351 729 veneratione
1430 663 1627 729 multa
1698 661 2028 752 gaudent,
2083 663 2310 750 requie
2381 664 2564 732 nulla.

564 778 791 844 Omnia
858 776 1027 844 circa
1083 799 1272 866 reges
1316 790 1661 866 praecepta
1707 777 1827 844 illis
1870 777 2120 842 monitis
2166 776 2564 844 clauduntur:

562 901 883 958 memento
942 892 1117 980 quod
1175 912 1249 957 es
1306 892 1524 971 home,
1577 905 1643 960 et
1688 900 2008 960 memento
2053 890 2231 980 quod
2276 913 2349 958 es
2392 896 2566 960 Deus

559 1028 677 1074 seu
730 1006 869 1072 vice
924 1007 1060 1072 Dei.
1151 1009 1438 1085 Quorum
1492 1007 1763 1073 alterum
1818 1007 2092 1096 pertinet
2145 1004 2230 1072 ad
2287 1017 2567 1094 potesta-

524 1133 707 1200 tem,
753 1120 1022 1186 alterum
1067 1119 1152 1186 ad
1195 1119 1582 1188 voluntatem
1623 1122 1993 1211 regendam.
2006 1135 2039 1165 ‘⁴

643 1234 944 1302 Videmus
1000 1255 1129 1323 qua
1187 1235 1756 1326 circumspectione
1815 1249 1879 1305 et
1934 1236 2267 1326 prudentia
2312 1255 2565 1302 monar..

466 1351 650 1419 chiae
706 1350 994 1418 consulat
1044 1351 1214 1415 Baoo
1272 1361 1338 1416 et
1394 1354 1696 1440 quantam
1747 1374 1965 1420 rerum
2009 1350 2563 1441 gubernandarum

469 1466 843 1554 sapientiam
899 1486 978 1531 ex
1033 1464 1331 1531 historiae
1394 1468 1787 1554 experientia
1843 1467 2148 1533 hauserit:
2206 1467 2328 1532 sed
2372 1467 2563 1533 etiam

464 1582 530 1646 in
575 1580 698 1644 hac
722 1618 727 1637 <
744 1579 1188 1646 dissertatione
1235 1600 1360 1645 non
1405 1582 1490 1648 ad
1536 1583 1741 1648 sontes
1786 1592 1853 1647 et
1899 1581 2206 1670 principia
2249 1591 2316 1648 et
2359 1581 2562 1668 prima

460 1693 886 1773 fundamenta,
929 1693 1103 1760 unde
1151 1713 1307 1760 sana
1334 1706 1636 1761 nascatur
1662 1696 2055 1784 reipublicae
2098 1696 2389 1775 conditio,
2434 1717 2561 1762 non

458 1806 545 1872 ad
589 1808 796 1894 prima
839 1809 1038 1888 initia,
1082 1809 1258 1875 unde
1312 1819 1491 1875 recta
1535 1828 1755 1879 rerum
1799 1812 2112 1878 ordinatio
2158 1821 2224 1878 et
2267 1809 2561 1878 ordinum

455 1921 786 2009 dispositio
831 1923 1283 2010 proficiscatur,
1328 1922 1525 2006 redit3
1586 1925 1708 1992 sed
1750 1944 1922 2007 eam,
1968 1945 2162 2014 quam
2204 1936 2340 1991 tum
2383 1927 2563 1993 inve-³

455 2036 548 2101 nit
599 2035 990 2124 reipublicae
1044 2039 1315 2105 formam
1346 2051 1436 2106 =et
1493 2058 1689 2130 quam
1745 2043 2050 2130 optimam
2096 2062 2252 2108 esse
2289 2061 2558 2129 persua-

453 2173 598 2217 sum
653 2149 774 2217 sihi
828 2151 1143 2233 habebat,
1211 2155 1506 2223 omnibus
1559 2155 1767 2223 modis
1812 2166 2022 2221 tuetur
2068 2165 2133 2221 et
2177 2154 2410 2244 quibus
2455 2177 2557 2222 ra-

452 2265 728 2332 tionibus
787 2266 881 2333 ab¹
922 2268 1200 2336 adversa
1257 2271 1508 2335 fortuna
1553 2268 1811 2334 defendi
1854 2268 2080 2352 possit,
2127 2269 2395 2352 quaerit.
2483 2268 2553 2331 Id

452 2383 727 2451 maxime
771 2383 918 2464 vult,
972 2393 1043 2451 ut
1087 2383 1337 2471 singuli·
1372 2381 1655 2458 ordines,
1725 2376 1958 2466 quibus
2012 2378 2378 2443 continetur¹
2409 2397 2549 2441 res-

449 2496 722 2586 publica,
767 2498 854 2564 ad
890 2508 1146 2564 certum
1194 2495 1520 2585 quendam
1548 2492 1811 2559 modum
1840 2491 2223 2580 redigantur,
2266 2491 2329 2555 in
2361 2490 2549 2556 certis

446 2612 1173 2687 finibus-contineantur,
1192 2630 1274 2674 ne
1306 2610 1477 2675 hunc
1506 2607 1769 2673 modum
1789 2606 2200 2674 :excedentes
2230 2625 2550 2671 summum

450 2723 712 2792 civitatis
757 2734 1078 2789 rectorem
1123 2723 1187 2787 in
1233 2721 1578 2789 discrimen
1623 2733 1876 2790 vocent:
1913 2742 2140 2811 quare
2184 2720 2252 2787 id
2295 2721 2438 2809 agit,
2481 2731 2551 2785 ut

446 2837 726 2906 ordines·
763 2836 878 2917 illi,
937 2834 1173 2925 quibus
1228 2848 1296 2903 et
1337 2850 1605 2927 augetur
1649 2849 1714 2906 et
1756 2838 2145 2903 imminuitur
2179 2835 2363 2923 ¹regia
2410 2834 2549 2922 dig-

445 2953 635 3032 nitaS,
676 2971 848 3018 >sese
904 2953 1028 3041 ipsi
1083 2953 1355 3020 invicem
1411 2954 1773 3021 contineant
1828 2963 1892 3020 et
1950 2959 2320 3028 coerceant,
2387 2947 2547 3014 fines

445 3067 808 3157 modosque
853 3068 974 3135 sibi
1018 3068 1287 3136 invicem
1333 3070 1665 3157 imperent.
1751 3068 2039 3134 Salutem
2082 3066 2269 3154 igitur
2313 3064 2547 3150 princi-

443 3184 543 3271 pis
588 3185 652 3247 in
699 3203 780 3250 eo
824 3185 1013 3250 sitam
1057 3203 1203 3251 esse
1247 3195 1456 3271 putat,
1511 3194 1580 3251 ut
1635 3205 1800 3272 quos
1845 3197 2145 3251 crescere
2205 3180 2405 3258 videt,
2443 3177 2545 3243 ad

442 3296 833 3363 inferiorem,
863 3297 1133 3386 gradum
1190 3298 1437 3388 redigat
1494 3310 1560 3366 et
1615 3300 1803 3366 certis
1858 3297 2090 3365 finibus
2147 3293 2544 3363 circumscri-

442 3410 578 3479 bat:
641 3412 727 3478 ita
773 3413 960 3501 igitur
1003 3422 1234 3503 regem.
1271 3415 1401 3481 vult
1445 3432 1705 3503 semper
1751 3413 1871 3481 sibi
1915 3432 2146 3481 cavere
2194 3419 2258 3477 et
2304 3430 2342 3474 a
2386 3405 2541 3474 sub-

443 3527 588 3595 ditis
643 3530 888 3596 timere.
979 3531 1114 3598 Sed
1171 3532 1342 3597 clare
1412 3530 1647 3608 elucet,
1707 3529 1835 3595 hac
1863 3530 2133 3594 ratione
2200 3523 2539 3589 institutam

440 3645 756 3713 civitatem
811 3666 1125 3734 prospera
1181 3643 1543 3714 valetudine
1600 3665 1740 3711 non*
1770 3645 1874 3723 uti,
1919 3641 2038 3709 sed
2084 3635 2377 3707 omnibus
2424 3650 2538 3723 pe-

489 3909 493 3918 .
547 3915 551 3922 ·
581 3879 715 3933 Pro:
752 3879 1087 3948 Regesnon
1124 3880 1416 3937 hominum
1452 3883 1626 3937 instar
1661 3881 1762 3936 sed
1801 3882 2082 3933 astrorum
2117 3881 2271 3945 sunt;
2319 3889 2451 3934 nam
2485 3882 2541 3933 et

438 3969 494 4021 in
530 3965 780 4035 singulos
818 3970 873 4021 et
907 3967 964 4021 in
1002 3972 1255 4039 tempora
1292 3968 1413 4039 ipsa
1449 3983 1715 4039 magnum
1752 3965 1959 4021 habent
1994 3963 2284 4021 iussuxum.

581 4052 807 4109 Contra:
849 4054 956 4121 Qui
995 4055 1051 4109 in
1078 4055 1326 4127 imperiis
1352 4061 1485 4111 sunt
1511 4055 1769 4126 corporis
1794 4053 2130 4110 caelestibus
2154 4053 2359 4111 similes
2384 4060 2534 4123 sunt,

439 4159 586 4213 quae
622 4154 879 4212 magnam
916 4142 1126 4200 hahent
1162 4145 1597 4214 venerationem,
1634 4143 1890 4214 requiem
1925 4141 2151 4202 nullam.
2222 4143 2304 4199 De
2339 4140 2535 4214 Augm.

439 4231 628 4288 Scient
661 4230 776 4286 Lib.
815 4231 898 4300 vl,
936 4248 1059 4303 cap:
1096 4231 1209 4287 111„
