2998 4863
1240 370 1668 434 ....71...

414 563 633 631 regem
678 542 886 629 ipsum
933 543 1248 609 convertit.
1353 544 1535 627 Quae
1594 542 2078 630 „prognostica“
2127 540 2504 609 seditionum

413 667 752 745 postquam
800 657 1084 741 exposuit
1128 655 1539 743 philosophus
1585 665 1802 725 noster
1847 657 2210 733 „materiam
2245 656 2504 725 seditio..

413 784 609 838 num“
665 768 986 857 expendit:
1049 769 1371 858 duplicem
1426 770 1687 835 invenit:
1757 790 2048 858 magnam
2106 771 2383 857 inopiam
2445 782 2508 838 et

413 884 838 972 praesentium
885 906 1099 952 rerum
1145 884 1459 969 taedium,
1505 883 1861 955 secundum
1906 886 2167 952 Lucani:

503 1000 702 1080 „Hinc
743 1019 936 1067 usura
981 1020 1172 1067 vorax
1214 996 1636 1086 rapidumque
1683 1000 1745 1065 in
1791 1010 2082 1087 tempore
2126 1000 2378 1067 foenus:

499 1116 655 1183 Hinc
700 1134 1012 1183 concussa
1053 1113 1219 1181 fides
1264 1125 1328 1180 et
1373 1114 1584 1181 multis
1631 1114 1779 1183 utile
1826 1114 2114 1183 bellum.“

412 1231 525 1310 „Si
578 1229 932 1317 primorum
991 1228 1309 1296 hominum
1373 1228 1715 1316 indigentia
1769 1249 1846 1296 ac
1902 1249 2008 1295 res
2066 1228 2315 1299 accisae
2362 1248 2509 1297 cum

409 1365 662 1413 summa
718 1342 925 1431 plebis
983 1345 1192 1432 inopia
1250 1356 1312 1410 et
1360 1354 1741 1432 paupertate
1789 1345 2275 1432 conjungantur,
2338 1344 2508 1430 peri-

408 1459 624 1529 culum
680 1458 964 1529 imminet
1015 1473 1255 1548 grave.“
1367 1459 1637 1529 Periculi
1690 1471 1903 1527 autem
1964 1457 2328 1547 magnitudo
2383 1478 2508 1522 non

408 1572 732 1641 metienda
790 1583 888 1645 est
951 1595 1077 1653 „ex
1138 1595 1241 1653 eo,
1310 1573 1486 1662 quod
1536 1575 1709 1662 justa
1765 1576 1888 1641 sint
1944 1585 2051 1642 aut
2104 1573 2334 1659 injusta
2392 1572 2510 1648 illa,

409 1709 579 1778 quae
624 1688 869 1754 animos
912 1688 1132 1775 populi
1175 1689 1475 1757 alienant:
1524 1688 1647 1757 hoc
1695 1689 1864 1755 enim
1908 1698 2100 1767 esset,
2145 1686 2369 1773 vulgus
2404 1707 2507 1753 ra-

407 1804 595 1871 tionis
651 1802 912 1869 nimium
970 1819 1172 1883 capax
1217 1812 1468 1885 putare,
1528 1804 1637 1887 qui
1694 1822 1811 1865 suo
1868 1819 2066 1887 saepe
2112 1802 2511 1868 recalcitrant

413 1910 779 1981 commodo.
895 1912 1121 1997 Neque
1187 1912 1375 1977 etiam
1433 1932 1514 1977 ex
1564 1911 1714 1989 hoc,
1786 1913 1959 1999 quod
2016 1914 2377 1999 gravamina
2433 1935 2512 1979 ex

417 2025 658 2115 quibus
711 2021 941 2093 invidia
998 2024 1225 2107 oritur,
1280 2025 1544 2113 grandia
1588 2026 1711 2095 sint
1757 2036 1864 2097 aut
1909 2026 2151 2114 exigua.
2241 2027 2512 2094 Malevo-

419 2141 650 2207 lentiae
697 2138 867 2207 enim
913 2158 991 2207 ex
1036 2139 1330 2207 omnibus
1376 2142 1535 2208 istae
1583 2141 2160 2228 periculosissimae
2196 2151 2357 2226 sunt,
2404 2141 2511 2206 ubi

418 2257 563 2343 plus
606 2256 887 2336 timetur,
942 2274 1136 2342 quam
1183 2256 1498 2323 sentitur.“
1589 2256 1898 2336 „Dolendi
1944 2255 2202 2333 modus,
2252 2254 2511 2323 timendi

415 2392 540 2439 non
583 2372 785 2440 item.“
832 2408 908 2420 —

586 2488 767 2556 Nunc
799 2485 883 2552 ad
920 2506 1148 2556 causas
1178 2486 1507 2555 seditionis
1540 2498 1761 2558 auctor
1793 2498 2011 2555 noster
2043 2489 2276 2554 transit.
2332 2486 2508 2555 Scite

411 2602 713 2674 discernit
756 2601 920 2672 inter
964 2602 1294 2670 materiam
1331 2613 1396 2670 et
1428 2622 1682 2685 causas;
1732 2604 1994 2671 materia
2029 2604 2324 2676 nimirum
2359 2603 2509 2669 nihil

409 2728 534 2800 est,
588 2718 708 2785 nisi
769 2725 1032 2784 externa
1088 2718 1341 2785 occasio
1396 2728 1459 2785 et
1505 2718 1741 2800 fomeS,
1800 2718 1967 2788 unde
2013 2719 2172 2806 ignis
2219 2719 2508 2805 erumpit,

408 2831 464 2896 si
519 2828 774 2896 aliunde
830 2849 1024 2898 causa
1080 2830 1330 2896 accedit
1386 2839 1452 2896 et
1497 2832 1694 2896 virtus
1740 2830 1998 2915 agendi;
2057 2849 2289 2895 causae
2334 2829 2507 2895 sedi-

412 2943 595 3008 tionis
651 2941 810 3008 sitae
868 2951 1012 3008 sunt
1068 2941 1130 3006 in
1188 2942 1447 3008 internis
1494 2953 1558 3007 et
1602 2940 1943 3008 reconditis
1990 2939 2271 3025 partibus
2317 2943 2506 3008 animi

413 3055 687 3124 humani.
772 3054 1010 3123 Causas
1056 3054 1170 3120 has
1216 3057 1505 3141 exponit:
1572 3058 1682 3137 „In
1727 3055 1919 3124 rebus
1965 3052 2281 3140 religionis
2327 3055 2505 3119 inno-

415 3170 604 3250 vatio;
650 3170 863 3257 legum
908 3182 976 3238 et
1020 3170 1548 3240 consuetudinum
1596 3169 1875 3250 mutatio;
1935 3168 2393 3234 immunitatum
2442 3181 2507 3236 et

413 3285 881 3373 privilegiorum
938 3285 1220 3370 violatio,
1276 3286 1606 3374 oppressio
1655 3284 2045 3361 universalis,
2100 3283 2503 3374 indignorum

414 3400 499 3468 ad
545 3399 819 3469 honores
866 3408 930 3463 et
975 3400 1377 3485 magistratus
1422 3403 1758 3487 promotio;
1805 3401 2219 3489 alienigenae,
2264 3402 2494 3467 caritas

416 3535 730 3595 annonae3
788 3512 1017 3578 milites
1061 3513 1376 3579 incuriose
1422 3512 1695 3597 dimissi,
1749 3515 2052 3583 sactiones
2097 3515 2302 3584 sactae
2349 3514 2499 3582 des-

417 3641 730 3718 peratae.“
794 3625 1111 3704 VidemuS,
1158 3634 1464 3714 quantum
1507 3627 1781 3694 studium
1827 3631 1994 3698 Baco
2040 3631 2336 3698 historiae
2382 3630 2499 3696 im-

416 3746 738 3832 penderit,
783 3741 938 3832 quid
983 3740 1131 3808 inde
1178 3739 1483 3808 didicerit.
1533 3784 1612 3795 --
1670 3745 1803 3811 Nec
1848 3745 2053 3812 minus
2101 3745 2499 3835 prudentiam

417 3861 611 3926 nostri
644 3858 998 3947 philosophi
1032 3857 1435 3939 admiramur,
1481 3859 1765 3926 remedia
1800 3859 2290 3941 considerantes,
2329 3882 2498 3950 quae

417 3971 644 4041 suadet
689 3984 908 4042 contra
951 3974 1320 4042 seditiones:
1389 3975 1697 4053 „Primum
1745 3987 1962 4046 contra
2005 3976 2350 4043 seditiones
2395 3997 2497 4041 re-

424 4087 706 4156 medium
763 4101 826 4156 et
868 4089 1233 4178 praeventio
1280 4089 1439 4156 haec
1486 4102 1611 4156 est:
1671 4093 1837 4157 omni
1898 4111 2041 4156 cum
2099 4110 2294 4174 opera
2350 4106 2497 4152 cau-

418 4225 558 4274 sam
601 4204 769 4271 illam
814 4204 1189 4271 seditionum
1239 4205 1646 4285 materialem,
1694 4204 1774 4270 de
1817 4223 1944 4290 qua
1988 4202 2275 4280 diximus,
2321 4219 2497 4265 amo-
