2998 4863
1371 348 1802 415 ...58-

622 542 726 592 tae
773 526 966 592 cuivis
1011 544 1212 613 regno
1259 542 1420 610 opus
1466 532 1566 589 est
1609 520 1695 587 ad
1739 540 1899 609 opes
1930 521 2454 590 introducendas.
2523 524 2655 591 Se-

624 637 929 720 cundum,
987 637 1163 731 quod
1226 646 1619 704 mercatores
1665 638 1888 725 inopes
1943 635 2185 704 reddit:
2249 638 2418 705 sicut
2480 641 2660 706 enim

623 754 886 822 colonus
931 765 1168 821 terram
1215 752 1430 819 colere
1476 751 1563 816 ita
1608 751 1932 818 fructuose
1978 753 2215 841 nequit,
2262 753 2313 818 si
2361 752 2661 820 reditum

620 870 821 937 solvat
876 869 1062 935 nimis
1116 888 1404 957 gravem:
1468 866 1555 930 ita
1610 875 1931 933 mercator
1986 877 2116 932 tam
2175 867 2530 935 commode
2595 880 2663 936 et

618 986 875 1052 lucrose
925 993 1355 1049 mercaturam
1400 999 1585 1046 suam
1631 1000 1939 1049 exercere
1986 983 2085 1049 vix
2128 992 2360 1069 potest,
2421 984 2481 1048 si
2532 1004 2659 1071 pe-

620 1100 821 1168 cuniis
866 1100 1129 1164 foenore
1171 1096 1443 1184 sumptis
1489 1097 1865 1185 negotiatur.
1968 1099 2240 1164 Tertium
2282 1097 2661 1165 incommo-

619 1214 776 1281 dum
833 1212 1108 1280 duorum
1167 1212 1452 1299 priorum
1508 1210 1832 1300 appendix
1878 1211 2199 1302 quaedam
2246 1221 2377 1294 est,
2428 1223 2663 1300 porto·

617 1330 858 1395 riorum
887 1340 953 1396 et
975 1325 1377 1415 vectigalium
1408 1327 1817 1415 publicorum
1845 1328 2212 1405 imminutio,
2240 1345 2416 1415 quae
2442 1325 2664 1393 fluunt

618 1452 685 1509 et
726 1441 1002 1510 refluunt
1044 1462 1162 1530 pro
1207 1440 1404 1507 modo
1452 1442 1836 1508 commercii.
1916 1443 2245 1521 Quartum,
2292 1440 2478 1530 quod
2508 1440 2663 1508 the-

617 1578 880 1624 saurum
925 1568 989 1623 et
1033 1556 1340 1643 pecunias
1384 1557 1569 1643 regni
1605 1556 1738 1622 sive
1768 1555 2163 1643 reipublicae
2192 1556 2256 1620 in
2287 1574 2667 1642 paucorum

616 1691 845 1736 manus
890 1669 1165 1736 reducit:
1219 1689 1370 1736 cum
1418 1670 1589 1736 enim
1635 1669 2054 1759 foeneratoris
2098 1669 2349 1735 lucrum
2394 1681 2662 1737 certum

616 1785 729 1868 sit,
774 1795 1137 1852 ceterorum
1180 1784 1523 1867 incertum,
1569 1785 1821 1853 eveniet
1863 1785 1927 1850 in
1971 1783 2100 1851 fine
2144 1782 2295 1866 ludi,
2341 1797 2545 1872 prou-t
2589 1785 2662 1851 fit

618 1920 817 1988 saepe
862 1901 925 1967 in
969 1901 1129 1982 alea,
1172 1913 1243 1968 ut
1286 1902 1563 1968 maxima
1607 1921 1758 1990 pars
1802 1899 2117 1994 pecuniae
2161 1918 2389 1988 promo
2429 1901 2656 1968 cedat.

616 2015 779 2085 Illud
825 2027 1039 2082 autem
1082 2037 1203 2104 pro
1250 2017 1630 2084 inconcusso
1671 2015 2049 2083 tenendum:
2097 2013 2331 2082 florere
2376 2037 2656 2105 rempu-

612 2131 851 2198 blicam
894 2131 1209 2219 inprimiS,
1267 2152 1415 2198 cum
1459 2131 1773 2220 pecuniae
1822 2130 2268 2219 dispergantur
2311 2151 2438 2196 non
2488 2152 2652 2198 coa-

616 2256 972 2314 cerventur.
1050 2247 1370 2324 Quintum,
1417 2244 1594 2332 quod
1640 2254 1708 2309 et
1749 2244 2161 2330 praediorum
2207 2247 2480 2332 pretium
2524 2246 2647 2313 de-

616 2360 856 2448 primit:
905 2357 1141 2423 etenim
1184 2358 1499 2446 pecuniae
1532 2359 1936 2423 insumuntur
1962 2358 2068 2424 vel
2097 2359 2162 2423 in
2193 2369 2652 2444 mercaturam,

615 2472 717 2539 vel
761 2473 825 2537 in
868 2472 1281 2561 praediorum
1327 2474 1791 2561 coemptiones;
1843 2472 2070 2538 foenus
2114 2482 2334 2539 autem
2381 2471 2648 2559 utrique

616 2587 875 2657 obviare
918 2585 1186 2656 videtur.
1278 2585 1576 2667 Sextum,
1633 2585 1811 2675 quod
1850 2606 2081 2653 omnes
2125 2585 2410 2666 lahoreS,
2452 2584 2646 2649 moli-

614 2704 814 2781 mina,
858 2704 1113 2770 inventa
1155 2721 1319 2768 nova
1364 2720 1794 2790 quaecunque
1825 2712 2086 2769 enervat
2128 2712 2197 2768 et
2239 2699 2527 2779 hebetat3
2576 2699 2647 2765 in

617 2816 851 2908 quibus
907 2817 1204 2907 pecunia¹
1234 2815 1494 2883 minime
1542 2814 1664 2882 sibi
1709 2815 1999 2897 deesset,
2051 2818 2171 2884 nisi
2217 2838 2257 2883 a
2300 2813 2644 2905 torpedine

615 2936 736 3000 ista
778 2932 1217 3023 impediretur.
1293 2929 1711 3011 Postremum,
1757 2932 1933 3020 quod
1979 2934 2151 3001 tinea
2182 2943 2281 3000 est
2308 2943 2375 3000 et
2407 2928 2642 2998 teredo

616 3050 984 3117 facultatum
1032 3069 1229 3137 quam
1274 3046 1693 3135 plurimorum
1720 3047 2079 3127 hominum3
2126 3046 2193 3113 id
2223 3046 2403 3136 quod
2429 3055 2641 3112 tractu

612 3176 975 3253 temporum
1022 3173 1376 3251 egestatem
1421 3161 1747 3250 publicam
1790 3163 1973 3249 parit.
2021 3203 2110 3216 —-

572 3283 678 3365 1⁰³)
723 3278 814 3357 „E
872 3278 1189 3343 contrario
1246 3276 1593 3344 commoda
1644 3277 1922 3344 foenoris
1969 3277 2134 3345 haec
2176 3288 2349 3344 sunt:
2407 3276 2640 3357 Prim0‚

614 3392 819 3483 quod,
877 3401 1206 3481 utcunque
1262 3411 1499 3459 usurae
1557 3392 1624 3458 in
1680 3392 2000 3481 aliquibus
2059 3407 2461 3461 mercat-urae
2517 3410 2639 3456 no-

614 3519 827 3590 ceant,
883 3510 947 3575 in
1002 3508 1139 3576 aliis
1195 3508 1600 3575 nihilominus
1642 3519 1935 3595 prosunt:
1988 3511 2421 3577 certissimum
2466 3504 2637 3571 enim

615 3636 731 3705 est,
777 3625 1118 3690 maximam
1161 3635 1567 3691 mercaturae
1611 3631 1862 3710 partem
1906 3645 1946 3689 a
1983 3622 2340 3713 junioribus
2385 3636 2635 3685 merca-

617 3738 859 3805 toribus
892 3740 1196 3819 exerceri,
1240 3741 1507 3805 foenore
1538 3739 1807 3826 sumptis
1836 3741 2153 3827 pecuniis;
2198 3734 2372 3802 unde
2410 3732 2465 3798 si
2492 3731 2633 3798 foe-

614 3863 871 3919 nerator
915 3853 1223 3941 pecunias
1268 3873 1418 3918 suas
1462 3852 1567 3920 vel
1613 3854 1844 3943 exigat,
1902 3852 2003 3918 vel
2049 3873 2176 3918 non
2221 3849 2479 3927 emittat,
2523 3867 2630 3913 se-

617 3975 839 4035 cutura
892 3966 1260 4033 necessario
1321 3976 1421 4033 est
1464 3987 1699 4056 magna
1739 3978 2138 4035 mercaturae
2186 3964 2425 4033 clades.
2514 3964 2632 4029 Se-

529 4134 941 4144 „-.„ffl-—
2206 4092 2277 4163 ο

662 4218 788 4291 103)
823 4219 997 4278 Serm.
1038 4216 1186 4273 fidel.
1256 4216 1389 4273 Eod.
1431 4217 1534 4273 loc.
1575 4233 1629 4287 p.
1669 4183 1788 4273 108.
