2998 4863
1236 332 1672 399 -5-

493 524 642 603 post
694 509 1016 598 negativas
1071 519 1194 591 tot,
1251 518 1424 596 quot.
1462 507 1806 586 sufficuint,
1865 527 2061 595 super
2105 508 2509 578 affirmativas

494 624 908 704 concludere3
957 622 1136 712 quod
1182 622 1396 689 adhuc
1439 623 1675 688 factum
1721 642 1846 688 uon
1890 632 2007 700 est,
2050 642 2172 689 uec
2202 635 2508 690 tentatum

498 751 690 823 certe,
735 740 848 805 nisi
896 734 1338 803 tantummodo
1386 756 1426 801 a
1468 736 1749 818 Platone,
1796 738 1907 825 qui
1959 736 2045 801 ad
2097 738 2509 805 excutiendas

496 856 674 922 ideas
718 854 837 920 hac
885 863 1064 920 certe
1110 851 1314 916 forma
1361 851 1742 918 inductionis
1785 854 2030 939 utitur.“

454 979 506 1060 ⁷)
552 972 816 1059 „Itaque
861 965 1465 1032 naturae-facienda
1513 978 1613 1032 est
1655 989 1921 1055 prorsus
1964 967 2193 1034 solutio
2225 977 2289 1033 et
2321 987 2510 1054 sepa-

491 1087 678 1165 ratio;
725 1105 853 1151 non
898 1102 1018 1169 per
1061 1081 1274 1169 ignem
1322 1093 1514 1162 certe,
1561 1081 1680 1149 sed
1726 1104 1846 1171 per
1889 1092 2172 1155 mentem
2203 1092 2509 1169 tanquam

490 1202 704 1289 ignem
753 1198 1092 1265 divinum.“

400 1317 534 1382 Hac
579 1312 900 1392 methodo,
949 1332 1146 1400 quam
1190 1311 1296 1378 hic
1340 1313 1541 1379 fusius
1578 1334 1900 1403 exponere
1935 1334 2059 1379 non
2098 1330 2365 1378 recesse
2395 1319 2511 1387 est,

404 1451 553 1498 cum
599 1432 662 1496 in
709 1425 1006 1496 omnibus
1052 1426 1490 1516 philosophiae
1520 1431 1877 1497 Bacouicae
1924 1422 2512 1495 adumbrationibus

401 1546 607 1634 magis
651 1546 860 1611 minus
907 1553 1205 1609 accurate
1254 1554 1488 1624 exstet,
1538 1546 1728 1612 etiam
1775 1546 1837 1612 in
1885 1542 2152 1634 politicis
2199 1536 2510 1606 utendum

404 1681 578 1740 esse,
621 1662 790 1727 Baco
838 1657 1135 1723 affirmat:

448 1779 496 1862 ⁸)
546 1776 792 1855 „Etiam
827 1774 1134 1840 dubitavit
1166 1773 1499 1861 quispiam,
1530 1776 1740 1860 potius
1772 1796 1969 1863 quam
1998 1772 2271 1859 objiciet,
2303 1778 2513 1835 utrum

495 1908 611 1950 nos
657 1886 743 1949 de
788 1887 1059 1949 naturali
1103 1895 1349 1948 tantum
1392 1885 1813 1970 philosophia,
1856 1906 1937 1948 an
1967 1887 2158 1949 etiam
2189 1882 2273 1948 de
2305 1883 2514 1946 scien-

497 1998 596 2060 tiis
641 1995 934 2083 reliquis:
981 1995 1230 2083 logiciS,
1293 1994 1544 2075 ethicis,
1589 1995 1892 2084 politicis,
1948 1994 2306 2062 secundum
2350 1994 2517 2063 viam

497 2118 778 2175 nostram
836 2113 1099 2199 (nempe
1146 2108 1610 2200 inductionem)
1665 2109 2098 2199 perficiendiS,
2156 2110 2515 2197 loquamur.

495 2228 572 2289 At
627 2245 744 2290 nos
799 2235 977 2290 certe
1025 2224 1108 2291 de
1155 2226 1460 2293 universis
1507 2225 1698 2303 haec,
1758 2245 1929 2312 quae
1975 2224 2146 2291 dicta
2192 2234 2366 2301 sunt,
2423 2224 2517 2288 in-

494 2339 862 2427 telligimus:
911 2350 1105 2427 atque
1138 2359 1333 2429 quem
1368 2340 1451 2406 ad
1483 2340 1750 2407 modum
1779 2340 2055 2428 vulgaris
2093 2339 2313 2427 logica,
2346 2358 2516 2426 quae

490 2458 654 2545 regit
676 2477 782 2522 res
813 2477 932 2543 per
965 2456 1423 2546 syllogismum,
1454 2478 1583 2523 non
1616 2467 1859 2524 tantum
1893 2455 1977 2521 ad
2007 2454 2348 2535 naturaleS,
2394 2452 2515 2522 sed

479 2571 572 2637 >ad
630 2591 852 2637 omnes
901 2572 1201 2637 scientias
1243 2573 1550 2660 pertinet;
1610 2571 1695 2635 ita
1743 2581 1807 2636 et
1851 2580 2094 2648 nostra,
2151 2590 2321 2657 quae
2368 2590 2515 2657 pro·

487 2687 659 2754 cedit
702 2708 823 2775 per
868 2686 1333 2769 inductionem,
1378 2686 1591 2753 omnia
1641 2685 2139 2773 complectitur.“

577 2804 798 2880 Locus
846 2823 1042 2888 quem
1089 2801 1548 2890 descripsimus
1580 2801 1817 2867 diserte
1858 2800 2268 2880 demonstrat,
2312 2803 2514 2866 Baco->

407 2935 554 2977 nem
604 2917 791 2978 etiam
838 2917 899 2978 in
932 2917 1151 2982 Ethice
1200 2928 1264 2982 et
1306 2916 1567 2982 Politice
1598 2915 1971 2982 methodum
2009 2937 2190 2982 suam
2221 2914 2513 2981 adhiberi

409 3026 701 3093 voluisse.
791 3026 904 3092 Cui
948 3030 1040 3093 rei
1089 3031 1278 3096 etiam
1323 3028 1447 3095 hoc
1494 3030 1834 3109 consentit,
1891 3030 2067 3115 quod
2113 3030 2299 3108 idola,
2346 3051 2515 3118 quae

404 3143 580 3206 Baco
622 3141 794 3207 videt
839 3140 1194 3223 obstacula,
1252 3145 1404 3234 quin
1450 3155 1696 3210 rectum
1745 3154 2162 3233 cognoscatur
2207 3145 2270 3211 in
2315 3144 2513 3211 rebus

403 3256 689 3345 physicis
714 3261 774 3345 ⁹)
820 3256 987 3322 idola
1034 3257 1261 3338 tribue,
1317 3260 1490 3326 idola
1535 3281 1798 3347 specus,
1854 3260 2025 3326 idola
2070 3261 2186 3326 fori
2235 3271 2297 3327 et
2346 3260 2513 3326 idola

403 3370 646 3447 theatri,
693 3372 884 3437 etiam
928 3373 990 3436 in
1034 3372 1231 3438 rebus
1279 3374 1501 3441 ethicis
1548 3386 1610 3439 et
1649 3375 1919 3462 politicis
1951 3395 2145 3441 verae
2175 3376 2512 3461 cognitioni

402 3484 639 3551 obesse
699 3488 1090 3575 possunt.¹⁰)
1182 3486 1313 3552 Sed
1372 3507 1543 3552 nunc
1600 3500 1748 3554 ante
1807 3490 2016 3554 omnia
2064 3488 2510 3576 inquirendum

541 3752 595 3825 7)
631 3755 773 3811 Nov.
816 3753 1016 3824 Organ.
1092 3753 1206 3813 Lib.
1247 3754 1305 3809 11.
1344 3753 1554 3825 Aphor.
1595 3759 1680 3814 15.

539 3841 595 3913 8)
632 3843 770 3899 Nov.
811 3841 1011 3912 Organ.
1089 3843 1204 3898 Lib.
1240 3844 1277 3898 1.
1316 3842 1457 3915 Aph.
1496 3847 1616 3903 127.

537 3931 612 3996 9).
641 3931 775 3985 Nov.
819 3929 1019 4001 Organ.
1059 3930 1175 3990 Lib.
1214 3933 1235 3985 1
1271 3931 1464 4004 Aphor
1501 3936 1761 3993 52—63.

545 4021 634 4083 10)
678 4018 1027 4088 Disputatum
1064 4027 1151 4075 est
1188 4020 1258 4076 de
1297 4020 1402 4076 hac
1438 4036 1502 4076 re
1538 4022 1684 4076 inter
1716 4021 1928 4090 Dugald
1954 4023 2193 4080 Stewart
2229 4028 2285 4077 et
2320 4026 2508 4075 aucto·

404 4117 526 4156 rem
573 4105 668 4173 qui
710 4106 766 4159 in
811 4105 1180 4178 „Edinburgh
1226 4109 1454 4165 Review
1505 4113 1643 4166 1804
1687 4110 1789 4164 No.
1829 4109 1913 4166 vl.
1961 4126 2017 4180 p.
2055 4114 2175 4168 273.
2227 4107 2507 4163 recensuit

403 4189 608 4245 librum
645 4192 768 4261 „the
806 4195 1060 4250 Account
1096 4197 1159 4251 of
1191 4197 1281 4252 the
1318 4198 1410 4253 life
1447 4196 1558 4251 and
1595 4195 1847 4264 writings
1885 4196 1948 4249 of
1979 4198 2068 4250 Dr.
2109 4195 2295 4251 Reid.“
