2998 4863
1300 312 1561 379 ——87
1654 353 1754 368 —-

474 485 854 572 plerumque
901 495 1202 562 narratur,
1247 486 1568 567 Baconem
1601 496 1986 568 accusatum,
2032 484 2300 575 abrege
2338 496 2401 550 et
2435 488 2572 573 ejus

474 601 679 664 amico
728 598 1095 673 derelictum
1146 610 1209 664 et
1255 587 1438 686 quasi
1485 600 1680 665 furori
1727 577 1942 688 populi
1990 602 2372 690 permissum
2404 618 2572 682 esse,

475 734 620 779 cum
667 714 758 779 sic
802 723 1042 779 tantum
1089 724 1300 786 notam
1335 712 1652 801 publicam
1686 713 1968 802 effugere
2000 694 2403 802 potuissent·
2445 716 2570 780 Ne-

476 849 602 916 que
660 834 722 891 in
770 828 1076 915 epistolis,
1135 850 1350 918 neque
1406 831 1469 896 in
1518 831 1673 896 actis
1721 831 1779 895 in
1828 819 2092 897 historia⁴
2133 830 2345 896 curiae
2393 831 2570 916 regni

475 941 993 1033 (parliamentary
1062 944 1304 1034 history
1381 947 1552 1013 Tom.
1623 947 1710 1033 Ι.)
1780 944 2133 1033 quidquam
2203 945 2569 1020 invenimus,

471 1055 641 1145 quod
687 1056 771 1121 ad
816 1056 981 1124 hanc
1026 1044 1409 1125 sententiam
1450 1060 1663 1124 facere
1711 1059 1924 1146 possit.
2023 1061 2155 1124 Imo
2202 1060 2411 1147 potius
2457 1050 2597 1123 rex'

468 1182 532 1236 et
575 1172 760 1236 amici
807 1174 944 1260 ejus
991 1174 1156 1239 tueri
1203 1195 1350 1240 eum
1396 1184 1524 1240 non
1570 1185 1875 1261 poterant.
1951 1176 2371 1240 Accusatores
2403 1184 2568 1260 quo-

465 1307 593 1374 que
654 1298 719 1353 et
767 1287 1019 1374 judices
1078 1288 1426 1355 clementer
1488 1311 1636 1356 eum
1695 1299 2055 1356 tractarunt.
2145 1288 2403 1355 Judices
2451 1289 2567 1352 mi-

464 1400 815 1467 sericordia
859 1406 1162 1489 permoti,
1207 1405 1589 1470 remiserunt
1635 1406 1724 1486 ei,
1773 1415 1841 1469 ut
1885 1426 2009 1469 non
2057 1413 2203 1469 ante
2250 1402 2567 1469 cancellos

467 1526 826 1604 appareret,
875 1519 983 1604 qui
1031 1519 1192 1582 intra
1238 1518 1559 1583 cancellos
1585 1540 1783 1607 saepe
1808 1519 2010 1607 judex
2046 1516 2427 1585 consederat
2448 1521 2565 1602 ¹⁴⁰).

461 1632 757 1708 Poenam,
806 1653 931 1720 qua
978 1630 1331 1698 secundum
1381 1652 1661 1720 aequum
1711 1645 1775 1700 et
1812 1635 2051 1721 justum
2094 1632 2422 1721 judicium,
2459 1631 2564 1718 ju-

466 1747 641 1813 dices
675 1768 819 1813 eum
853 1745 1112 1811 afficere
1147 1724 1631 1825 constituerunt,
1662 1768 1775 1812 rex
1807 1748 1972 1814 illico
2005 1748 2256 1817 levavit:
2305 1765 2356 1809 a.
2391 1748 2564 1811 1624

460 1863 710 1949 penitus
755 1860 1025 1948 {remisit
1138 1859 1529 1925 Beneficium
1584 1862 1642 1925 ei
1700 1881 1976 1926 annuum
2036 1865 2206 1928 1500
2261 1857 2563 1923 librarum

461 1976 861 2043 sterlinorum
895 1974 1225 2042 concessit.
1328 1974 1496 2039 Baco
1554 1994 1762 2062 usque
1809 1974 1891 2040 ad
1936 1976 2098 2041 vitae
2146 1971 2340 2038 finem
2385 1971 2563 2036 locu-

459 2092 695 2179 pletem
766 2100 830 2156 et
895 2090 1217 2177 copiosam
1273 2088 1465 2154 vitam
1531 2088 1794 2176 agebat,
1861 2100 2144 2157 remotus
2201 2107 2238 2152 a
2295 2084 2562 2173 negotiis

465 2204 755 2292 publicis,
813 2205 1012 2272 literis
1059 2214 1300 2269 tantum
1347 2202 1796 2290 philosophicis
1841 2205 2112 2270 intentus
2160 2220 2325 2266 anno
2373 2205 2561 2279 1626,

462 2321 661 2407 primo
710 2319 814 2386 die
862 2316 1003 2386 sesti
1045 2318 1368 2387 Paschalis
1414 2317 1585 2386 obiit.

632 2436 806 2502 Haec
852 2435 1168 2503 sufficiant
1209 2436 1593 2502 lineamenta
1642 2444 1706 2500 et
1736 2435 2030 2523 exempla
2080 2433 2161 2499 ad
2195 2454 2406 2499 mores
2439 2436 2558 2500 Ba-

459 2554 634 2618 conis
682 2551 1176 2631 adumbrandaS‚
1222 2549 1303 2616 ad
1350 2550 1660 2616 rationem
1707 2569 1833 2637 qua
1879 2549 2064 2614 vitam
2098 2547 2420 2636 publicam
2464 2550 2558 2614 in-

457 2668 726 2733 stituerit
774 2666 1300 2748 describendam,
1348 2687 1494 2733 cum
1544 2667 1729 2731 vitam
1777 2666 1915 2752 ejus
1962 2663 2202 2729 referre
2249 2663 2370 2728 hoc
2415 2662 2557 2729 loco

456 2779 639 2844 nobis
685 2801 810 2846 non
858 2783 1339 2867 sumpserimus,

634 2892 791 2958 Cum
838 2893 1146 2979 sapientia
1190 2896 1458 2959 Baconis
1508 2894 1766 2959 consilia
1809 2913 1936 2959 non
1984 2912 2063 2958 ex
2108 2912 2358 2958 summa
2404 2893 2553 2980 lege

458 3007 739 3098 quadam
785 3006 1072 3086 derivari,
1117 3008 1237 3074 sed
1281 3008 1482 3096 magis
1529 3007 1613 3074 ad
1654 3017 1907 3095 tempus
1939 3008 2206 3089 inventa,
2250 3008 2555 3094 tempori-

456 3145 584 3212 que
630 3143 828 3211 saepe
861 3122 1343 3191 accommodata
1373 3122 1719 3203 videamus,
1765 3144 1889 3189 non
1922 3124 2241 3202 miramus,
2287 3119 2460 3212 quod
2493 3122 2554 3185 in

453 3235 832 3302 adhibendis
880 3238 1010 3303 suis
1056 3238 1294 3328 regulis
1340 3239 1424 3305 ad
1470 3238 1729 3328 publica
1775 3239 2025 3326 negotia
2057 3235 2553 3305 administranda

454 3371 649 3437 saepe
706 3348 1043 3438 prudentia
1102 3364 1167 3420 et
1222 3355 1447 3441 peritia
1503 3375 1845 3442 personas,
1898 3364 2188 3441 tempora
2245 3364 2310 3419 et
2368 3373 2553 3417 suum

453 3465 860 3533 commodum
907 3478 1257 3555 spectante,
1303 3470 1505 3557 magis
1553 3489 1744 3557 quam
1790 3490 1943 3534 vera
1978 3489 2056 3534 ex
2089 3488 2298 3534 reram
2331 3477 2551 3531 natura

452 3580 687 3648 fluente
732 3582 1017 3669 sapienta
1061 3603 1217 3650 usus
1264 3582 1470 3652 fuerit.

593 3745 714 3815 140)
749 3704 895 3798 Vide
921 3742 1013 3798 the
1037 3712 1316 3814 'passages
1353 3745 1411 3799 in
1446 3743 1775 3816 parliament
1803 3742 2016 3813 against
2034 3741 2263 3797 Francis
2281 3740 2552 3797 Viscount

449 3830 528 3886 St.
565 3831 766 3899 Alban,
815 3828 967 3887 Lord
1005 3829 1332 3888 Chancellor
1378 3832 1442 3887 of
1473 3830 1742 3903 England.
1816 3829 1979 3886 Anno
2018 3828 2227 3884 domini
2265 3831 2403 3888 1620
2441 3827 2548 3884 and

452 3921 604 3976 1621.
677 3920 832 3974 Tom.
870 3920 954 3976 IV.
993 3936 1049 3992 p.
1083 3923 1235 3979 326.:

521 4004 767 4078 „having
802 4007 887 4063 his
925 4025 1136 4065 excuse
1173 4009 1236 4064 of
1265 4013 1367 4064 not
1402 4007 1685 4080 attending
1719 4009 1796 4081 by
1831 4023 2036 4066 reason
2074 4006 2136 4060 of
2157 4005 2421 4076 infirmity
2448 4009 2551 4057 etc.

520 4093 654 4149 Vide
693 4111 923 4165 quoque
961 4096 1397 4167 Parliamentery
1432 4095 1672 4169 History.
1726 4098 1879 4152 Tom.
1917 4096 1955 4149 1.
