2998 4863
1373 368 1443 379 ..-.
1544 335 1802 396 10-
2322 350 2343 381 4

534 528 791 574 crorum
839 518 900 570 et
948 506 1116 571 initia
1163 506 1303 572 novi
1351 507 1622 582 saeculi,
1691 503 2102 571 fundamenta
2147 527 2453 573 novarum
2506 511 2634 574 rei·

531 621 827 710 publicae
875 618 1566 713 formarum·condidit.
1656 617 1723 683 ln
1769 616 1986 685 medio
2031 639 2190 685 aevo
2246 621 2634 711 reipublicae

531 738 702 803 notio
774 752 1118 823 nunquam*
1170 731 1340 799 clare
1403 733 1671 800 formata
1738 744 1802 799 et
1858 740 2164 821 expressa
2232 735 2365 805 fuit.
2480 736 2636 804 Cum

532 851 745 918 omnia
824 848 1218 935 reipublicae
1285 849 1563 914 instituta
1629 847 1713 913 ad
1778 868 2097 914 summam
2166 860 2233 915 et
2282 852 2635 940 principem

530 967 745 1055 legem
789 984 917 1029 non
975 962 1200 1041 relata,
1258 964 1355 1029 rei
1412 963 1693 1049 privatae
1740 961 1843 1029 vel
1888 963 2109 1043 civilis,
2166 975 2237 1030 ut
2279 967 2363 1031 ita
2410 968 2635 1044 dicam,

529 1080 816 1169 speciem
861 1076 1191 1151 exhibent:
1237 1078 1494 1144 unitatis
1537 1079 1857 1144 notionem
1906 1079 2183 1147 ecclesia
2210 1090 2453 1147 tantum
2482 1102 2637 1148 con„

531 1194 721 1282 cepit.
814 1194 935 1272 Qui
992 1190 1386 1280 reipublicae
1442 1194 1711 1282 negotiis
1767 1193 2226 1263 incumbebant
2279 1206 2344 1263 et
2396 1194 2635 1284 publici

530 1308 847 1376 commedi
917 1307 1247 1398 praesules
1314 1321 1494 1374 erant
1550 1310 1616 1373 in
1680 1308 1897 1375 medio
1957 1332 2117 1377 aevo
2174 1313 2335 1379 inter
2388 1310 2637 1400 AngloS,

525 1424 752 1512 paucis
795 1424 1109 1510 exceptis,
1169 1423 1399 1489 milites
1445 1432 1512 1487 et
1558 1422 1843 1509 episcopi
1888 1424 2169 1504 suerunt;
2217 1448 2491 1514 quorum
2537 1425 2635 1502 illi,

526 1541 936 1607 scientiarum
981 1558 1108 1603 non
1153 1537 1354 1624 periti,
1399 1534 1690 1623 superbi,
1734 1540 2167 1622 superstitioni
2200 1541 2399 1607 dediti
2429 1551 2634 1620 erant;

524 1654 589 1718 hi
643 1673 900 1718 omnem
961 1653 1290 1717 scientiam
1347 1671 1532 1717 suam
1591 1660 1657 1716 et
1709 1659 1914 1716 artem
1968 1651 2054 1717 ad
2112 1654 2452 1721 ecclesiam
2496 1675 2634 1720 am-

523 1765 932 1855 plificandam
977 1763 1385 1831 adhibebant.
1474 1766 1641 1832 Fieri
1685 1768 2085 1854 non-potuit,
2133 1771 2284 1857 quin
2331 1770 2635 1857 episcopi,

526 1894 595 1950 et
635 1882 1053 1950 scholasticae
1101 1879 1541 1970 philosophiae
1598 1882 1806 1971 gnari,
1876 1895 1938 1950 et
1993 1883 2291 1952 facundia
2332 1884 2637 1967 instnucti,

525 2010 591 2065 et
643 1999 772 2065 vim
828 1998 1031 2077 illam,
1099 2018 1294 2086 quam
1354 1999 1419 2064 in
1474 1998 1761 2066 incultos
1804 2001 2050 2065 animos
2096 2001 2317 2089 religio
2375 2010 2639 2068 exercet

522 2113 930 2192 adhibentes,
995 2113 1324 2179 victoriam
1381 2123 1783 2200 reportarent
1846 2114 1932 2180 de
1988 2115 2186 2180 milite
2241 2115 2524 2203 superbo
2571 2130 2636 2180 et

524 2230 809 2316 corporis
853 2238 1097 2292 tantum
1142 2225 1381 2291 viribus
1427 2225 1822 2303 confidente;
1883 2248 2029 2292 cum
2076 2226 2180 2292 hic
2225 2240 2466 2293 tantum
2513 2226 2633 2291 sibi

522 2362 773 2430 suoque
820 2338 1024 2403 ordini
1069 2338 1132 2403 in
1178 2336 1375 2404 rebus
1421 2336 1687 2426 agendis
1734 2338 2126 2415 consuleret,
2182 2339 2267 2402 illi
2316 2337 2632 2408 coelestis,

524 2477 721 2546 quam
776 2452 1104 2532 dicebant,
1174 2452 1435 2520 civitatis
1482 2453 1790 2518 honorem
1839 2464 1904 2519 et
1936 2452 2268 2541 potentiae
2314 2450 2629 2536 fastigium

521 2579 901 2660 spectarent.
959 2570 1067 2634 .Hi
1112 2569 1301 2657 igitur
1345 2577 1527 2633 erant
1570 2568 1640 2644 ii,
1696 2569 1803 2654 qui
1850 2568 1914 2634 in
1957 2564 2172 2632 medio
2217 2585 2409 2631 aevo
2423 2560 2631 2651 publi..

521 2707 637 2753 cae
695 2685 882 2751 saluti
940 2682 1357 2751 consulebant
1414 2693 1479 2748 et
1524 2681 1848 2747 doctrinas
1893 2680 1979 2747 de
2023 2679 2355 2767 republica
2409 2678 2629 2746 condi-

521 2801 771 2870 derunt.

699 2916 854 2982 Cum
915 2915 1153 2983 deinde
1211 2913 1431 2984 multis,
1469 2911 1656 2979 simul
1704 2912 1927 2990 causiS,
1954 2908 2210 2999 ,quibus
2255 2911 2441 2998 vulgo
2486 2909 2629 2976 finis

524 3034 741 3102 medio
800 3053 959 3100 aevo
1006 3032 1337 3120 impositus
1385 3028 1641 3106 dicitur,
1696 3025 2088 3104 facientibus
2134 3045 2297 3091 nova
2345 3025 2485 3093 dies
2530 3024 2628 3091 his

525 3151 713 3217 terris
785 3148 1114 3225 illuxisset,
1187 3146 1464 3210 omnium
1546 3163 1765 3208 rerum
1842 3140 2129 3229 speciem
2216 3151 2629 3215 commutans

521 3275 587 3332 et
638 3262 882 3341 harum,
941 3262 1024 3327 de
1083 3257 1318 3349 quibus
1380 3256 1779 3333 disserimus,
1842 3277 2060 3323 rerum
2117 3255 2314 3323 facies
2372 3255 2628 3323 omnino

521 3397 830 3446 conversa
877 3389 990 3443 est.
1080 3377 1326 3441 Novum
1373 3394 1575 3463 genus
1619 3374 1897 3441 virorum
1943 3371 2236 3460 politices
2278 3372 2628 3459 peritorum

522 3495 768 3563 exstitit.
884 3494 1149 3569 Tamen,
1218 3489 1395 3578 quod
1461 3490 1694 3578 ingenii
1762 3509 2035 3556 acumen
2104 3498 2168 3552 et
2237 3481 2630 3572 cogitationis

519 3607 1012 3698 profunditatem
1059 3607 1303 3680 attinet,
1367 3627 1561 3672 nemo
1609 3626 1861 3685 eorum,
1919 3604 2031 3692 qui
2072 3598 2446 3668 recentioris
2491 3595 2629 3661 aevi

520 3722 844 3791 sententiis
903 3719 1154 3800 imbuti,
1221 3721 1521 3808 politicen
1577 3719 1958 3798 tractabant,
2018 3724 2281 3803 praeter.
2317 3710 2628 3777 Macchia-

517 3837 754 3905 vellum
799 3846 865 3903 et
905 3835 1218 3903 Bodinum
1264 3834 1524 3900 laudem
1558 3835 1826 3900 Baconis
1874 3838 2234 3916 exaequant
2260 3830 2366 3916 ¹³),
2410 3847 2627 3914 neque

660 4118 748 4188 13)
788 4112 928 4169 Sunt
963 4113 1053 4168 hic
1092 4110 1445 4168 nominandi:
1523 4110 1889 4164 Hottoman
1930 4109 2165 4170 (auctor
2201 4102 2629 4175 Francogalliae.

527 4209 727 4270 157o);
779 4204 1080 4272 Languet
1126 4199 1443 4270 (vindiciae
1490 4201 1687 4253 contra
1724 4196 2018 4267 Tyrannus
2064 4199 2293 4250 auctore
2338 4191 2628 4263 Stephano
