2998 4863
1219 342 1655 401 ..9.-

386 519 487 583 nia
546 515 744 580 finem
800 512 1064 579 tendunt
1108 522 1172 578 et
1233 533 1429 576 unum
1482 511 1759 578 solidum
1807 530 2040 597 corpus
2089 517 2489 576 constituunt.

382 629 678 697 Nonnulli
748 628 885 715 ejus
952 636 1256 693 tractatus
1325 623 1620 691 omnibus
1692 623 2088 718 temporibus
2165 623 2491 710 exemplar

385 742 715 833 quoddam
758 743 843 807 ad
889 743 1299 808 imitationem
1347 739 1661 819 exhibent,
1706 751 1774 805 ut
1816 739 2304 805 commentarius
2350 740 2490 825 ejus

388 860 505 937 „de
572 856 988 925 seditionibus
1046 867 1111 922 et
1167 854 1416 922 turbis.“
1508 855 1665 933 „The
1714 853 1937 920 advice
1982 864 2047 918 to
2092 853 2192 918 Sir
2239 853 2490 939 George

392 974 681 1052 Villiers,“
729 972 914 1060 hujus
959 974 1073 1039 viri
1118 973 1387 1039 sortasse
1436 972 1742 1058 optimum
1778 967 2105 1035 consilium
2155 978 2267 1046 est,
2315 968 2492 1055 quod

387 1110 664 1178 unquam
732 1089 901 1176 regis
968 1088 1174 1154 amico
1243 1084 1459 1150 datum
1518 1084 1730 1165 suerin
1802 1104 2192 1173 quamquam
2251 1083 2492 1149 nullum

384 1225 665 1292 unquam
714 1202 1043 1269 consilium
1089 1202 1291 1290 magis
1336 1200 1700 1288 neglectum
1747 1209 1861 1278 est,
1908 1219 2101 1287 quam
2130 1199 2270 1277 hoc,
2315 1208 2380 1264 et
2409 1197 2491 1263 ab

386 1320 517 1398 illo,
578 1319 687 1407 qui
747 1315 924 1384 dedit
970 1329 1036 1383 et
1079 1316 1162 1383 ab
1211 1315 1332 1394 illo,
1380 1317 1490 1403 qui
1534 1315 1810 1403 accepit!
1858 1354 1945 1364 —-
1993 1315 2294 1399 Quamvis
2341 1334 2493 1379 con-

390 1433 526 1500 silia
588 1443 653 1498 et
708 1433 998 1499 remedia
1054 1454 1221 1522 quae
1280 1432 1613 1519 proposuit
1668 1430 1943 1496 maxime
2001 1427 2084 1494 ad
2141 1429 2496 1516 principum

384 1550 649 1637 gloriam
710 1558 773 1614 et
828 1547 1384 1635 amplificationem
1429 1546 1686 1625 faciant,
1744 1565 1875 1633 qua
1919 1544 1981 1610 in
2026 1565 2099 1609 re
2147 1554 2210 1610 et
2255 1562 2496 1630 aequa-

386 1663 551 1730 libus
614 1674 677 1729 et
737 1661 1191 1729 decessoribus
1239 1702 1322 1714 —-
1367 1661 1603 1729 Thoma
1660 1663 1835 1727 Moro
1893 1669 2163 1747 excepto
2207 1697 2295 1712 ·-
2342 1677 2494 1723 con-

388 1779 603 1857 sentit;
652 1779 705 1842 si
752 1797 975 1841 eorum
1023 1797 1342 1841 summam
1389 1777 1914 1853 consideraveris
1960 1774 2044 1839 ad
2091 1793 2496 1840 communem

386 1891 782 1977 reipublicae
840 1887 1112 1949 salutem
1171 1897 1479 1972 spectant.
1573 1890 1933 1952 Occurrunt
1992 1889 2183 1952 etiam
2238 1898 2496 1953 senten-

389 2006 516 2068 tiae
564 2018 718 2063 vere
773 1994 1276 2083 philosophicae,
1340 2000 1564 2066 aetatis
1610 2019 1767 2066 suae
1813 2008 2095 2064 mentem
2143 2009 2208 2063 et
2251 2021 2498 2066 morem

395 2117 584 2204 longe
613 2111 1046 2191 excedentes,
1091 2113 1416 2200 imprimiS‚
1462 2116 1517 2181 si
1564 2113 1645 2181 de
1686 2116 1834 2203 jure
1882 2124 1946 2180 et
1991 2113 2249 2179 historia
2291 2114 2497 2181 disse-

392 2234 496 2312 rit;
545 2232 616 2295 int
656 2230 1012 2294 universum
1058 2239 1387 2316 spectatae
1433 2229 1666 2318 ingenii
1712 2229 2005 2295 acumine
2046 2240 2190 2295 sunt
2221 2240 2285 2296 et
2315 2229 2497 2318 quasi

391 2346 655 2411 audacia
707 2341 984 2431 quadam
1033 2344 1310 2433 insignes
1359 2354 1422 2408 et
1465 2364 1728 2433 semper
1775 2342 2265 2412 oblectationem
2308 2366 2497 2435 prae-

388 2462 541 2530 bent
587 2460 672 2527 ob
720 2460 961 2537 miram,
1007 2480 1198 2546 quam
1247 2469 1469 2525 auctor
1515 2461 1743 2548 prodit,
1787 2481 2006 2526 rerum
2062 2474 2126 2527 et
2169 2462 2496 2529 hominum

387 2578 689 2644 notitiam.
794 2576 1093 2642 Homines
1163 2588 1228 2642 et
1293 2595 1510 2640 mores
1578 2577 1817 2664 optime
1884 2578 2069 2644 novit.
2169 2577 2238 2643 ld
2305 2579 2498 2644 etiam

384 2694 563 2781 Angli
620 2691 906 2770 laudant,
974 2690 1248 2778 exempli
1308 2692 1508 2778 gratia
1567 2704 1789 2759 auctor
1858 2695 2319 2773 commentarii,
2388 2695 2497 2782 qui

386 2809 657 2895 Dugaldi
718 2807 1010 2872 Stewarti
1080 2805 1589 2872 dissertationem
1653 2809 2080 2895 (annotatione
2128 2812 2161 2874 1
2216 2809 2496 2894 citatam)

387 2922 708 2988 recensuit
751 2920 1083 3009 (Quaterly
1127 2921 1385 2985 Review
1430 2922 1602 3008 April
1650 2925 1821 2989 1817
1868 2923 1996 2989 Art.
2043 2923 2147 3006 II):

476 3036 618 3112 „His
664 3033 799 3099 rich
829 3033 1250 3120 imagination‚
1295 3033 1391 3099 his
1435 3036 1749 3122 powerful
1778 3037 1885 3100 wit
1917 3034 2044 3100 and
2072 3034 2181 3101 the
2214 3043 2496 3120 penet-

477 3151 626 3214 rati
657 3171 749 3237 ng
794 3146 1147 3228 wisdom‚
1195 3149 1401 3215 which
1447 3150 1531 3216 he
1580 3149 1866 3241 displays
1912 3171 2082 3238 upon
2128 3149 2259 3215 that
2292 3149 2500 3215 useful

480 3264 605 3329 and
654 3274 722 3328 to
768 3262 876 3327 the
924 3275 1178 3348 greater
1222 3265 1495 3332 number
1543 3267 1612 3332 of
1629 3288 1899 3354 persons
1935 3277 2100 3331 most
2128 3266 2499 3352 interesting

480 3379 550 3444 of
589 3377 671 3442 all
718 3376 1029 3464 subject3‚
1076 3380 1438 3470 commonly
1486 3381 1693 3446 called
1741 3381 1849 3446 the
1894 3380 2131 3446 world“

391 3496 499 3582 qui
567 3495 722 3558 alias
793 3493 852 3556 in
923 3492 1249 3557 censendo
1307 3495 1576 3560 Bac-‚onis
1636 3494 1886 3581 ingenio
1945 3515 2024 3559 ea
2078 3492 2272 3558 laude
2330 3492 2500 3559 hunc

391 3610 836 3698 philosophum
883 3628 1009 3674 non
1054 3605 1412 3695 amplificat,
1460 3628 1588 3695 qua
1636 3608 1831 3673 ceteri
1869 3628 2016 3671 eum
2051 3606 2499 3675 commendant

394 3725 752 3812 populares,
799 3765 884 3775 --

571 3840 762 3925 Quod
820 3849 1031 3906 autem
1081 3841 1140 3903 in
1186 3841 1437 3904 Bacone
1486 3839 1758 3904 maxime
1808 3838 2298 3905 collaudandum
2344 3861 2497 3906 cen-

393 3976 609 4019 semus
658 3966 721 4020 et
768 3977 893 4043 qua
941 3978 1011 4020 re
1062 3978 1208 4021 eum
1266 3964 1621 4019 memoratu
1681 3953 2117 4042 dignissimum
2166 3954 2495 4031 habemus·‚

393 4067 516 4131 hoc
580 4080 704 4146 est,
776 4070 953 4159 quod
1009 4072 1069 4135 in
1129 4073 1266 4160 ejus
1327 4070 1613 4135 doctrina
1683 4072 1867 4157 quasi
1935 4070 2275 4157 imaginem
2336 4071 2496 4134 illius

396 4185 820 4250 conversionis
889 4187 1267 4266 invenimuS,
1338 4206 1507 4276 quae
1574 4195 1720 4273 post
1788 4183 2310 4250 Emendationem
2381 4183 2496 4248 Sa-
