2998 4863
1355 371 1788 437 ...42-

565 552 643 635 ²⁸)
691 545 793 625 „If
826 567 952 638 any
1002 566 1119 612 sue
1167 556 1230 610 to
1275 543 1362 610 be
1409 543 1601 611 made
1648 566 1686 609 a
1724 546 1946 633 judge‚
1993 548 2246 641 tbrmy
2292 566 2438 613 own
2480 561 2620 636 part

605 662 639 726 J
683 659 913 728 should
968 670 1231 747 suspect
1285 659 1445 725 him:
1503 657 1638 739 hut,
1682 658 1731 724 is
1757 658 1972 726 ¹‘either
2021 658 2294 750 directly
2341 668 2415 727 or
2458 662 2619 728 indi..

604 775 838 866 rectly,
893 774 976 841 be
1035 773 1264 840 should
1322 773 1586 862 bargain
1643 774 1833 839 fora
1888 773 2075 860 place
2103 773 2203 839 (of
2237 773 2619 861 judicatura,

542 908 545 913 ·
602 891 692 957 let
735 890 864 956 him
908 888 996 956 be
1042 888 1328 977 rejected
1377 888 1527 954 with
1570 887 1825 967 sbame;
1881 887 2165 953 vendere
2203 889 2350 975 jure
2396 899 2621 976 potest,

590 1015 851 1073 ⁴emerat
891 1004 996 1071 ille
1038 1005 1266 1093 prius.“

557 1126 635 1208 ⁷⁹)
683 1118 914 1198 „There
960 1139 1071 1186 are
1118 1139 1312 1209 many
1360 1128 1599 1196 cour-te,
1645 1138 1828 1185 some
1871 1117 2195 1205 superior,
2238 1137 2420 1184 some
2468 1142 2617 1207 pro-

596 1234 825 1300 vincial
865 1232 995 1299 and
1039 1254 1220 1301 some
1267 1232 1338 1299 of
1361 1252 1401 1297 a
1430 1231 1633 1298 lower
1663 1230 1812 1297 orb:
1857 1232 1903 1296 it
1931 1251 2109 1298 were
2140 1242 2210 1296 to
2238 1231 2324 1299 be
2357 1234 2617 1313 wished,

597 1347 723 1414 and
769 1350 823 1414 is
867 1347 937 1413 fit
979 1358 1045 1415 to
1090 1347 1177 1414 be
1222 1368 1298 1417 so
1342 1345 1654 1426 ordered,
1697 1347 1831 1412 that
1875 1366 2075 1437 every
2121 1347 2193 1412 oi
2228 1345 2405 1413 them
2449 1347 2615 1437 keep

594 1459 950 1529 themselve
994 1463 1211 1529 within
1257 1461 1421 1528 their
1468 1480 1705 1548 proper
1750 1461 2047 1548 epher-es·
2129 1461 2257 1530 The
2303 1463 2615 1555 barmony

596 1576 667 1642 of
697 1577 930 1664 justice
977 1577 1030 1643 is
1074 1577 1227 1645 then
1273 1577 1380 1643 the
1427 1585 1746 1654 sweetest‚
1791 1577 1982 1643 when
2025 1571 2212 1642 there
2258 1578 2316 1643 is
2356 1598 2442 1644 no
2477 1581 2612 1666 jan>

555 1716 559 1721 ·
593 1689 734 1777 ring
778 1687 977 1755 about
1018 1691 1128 1757 the
1166 1691 1566 1779 jurisdiction
1612 1691 1684 1756 of
1718 1689 1826 1757 the
1875 1703 2138 1757 courts.“

549 1806 627 1890 ⁸⁰)
673 1802 972 1883 „Judices
1031 1815 1179 1871 ante
1234 1806 1446 1871 omnia
1505 1807 1567 1873 iu
1621 1805 1930 1872 memoria
1982 1803 2177 1870 fixum
2225 1815 2446 1873 tenere
2494 1807 2608 1873 de-

586 1914 743 1983 bent
798 1919 1182 1986 versiculum
1226 1921 1517 1987 ultimum
1566 1919 1910 1987 duodecim
1956 1918 2341 1987 tabularum:
2428 1920 2613 1987 Salus

585 2033 804 2124 populi
854 2054 1159 2121 suprema
1200 2034 1332 2115 lex3
1391 2046 1457 2102 et
1502 2056 1620 2122 pro
1667 2044 1846 2101 certo
1893 2052 2165 2122 ponere,
2222 2035 2436 2123 leges,
2493 2038 2607 2103 nisi

583 2148 709 2213 sint
764 2148 827 2213 in
885 2147 1112 2215 ordine
1168 2149 1254 2215 ad
1314 2171 1465 2216 eum
1520 2149 1745 2230 finem,
1801 2170 1908 2216 res
1965 2170 2115 2215 esse
2172 2152 2491 2239 captiosas
2545 2162 2608 2218 et

587 2263 848 2330 oracula
892 2263 1062 2329 male
1108 2264 1424 2351 inspirata
1501 2265 1726 2354 Itaque
1765 2264 1936 2330 bene
1966 2265 2272 2345 succedit,
2320 2288 2464 2333 eum
2494 2288 2603 2332 rex

584 2386 694 2442 aut
748 2387 950 2444 status
1009 2379 1266 2467 saepius
1327 2399 1470 2447 cum
1522 2378 1854 2469 judicibus
1909 2378 2226 2447 deliberat
2275 2390 2340 2447 et
2382 2400 2599 2446 rursus

585 2511 733 2559 cum
791 2492 1048 2581 judices
1113 2495 1470 2583 principem
1535 2509 1601 2564 et
1658 2508 1891 2563 statum
1947 2497 2204 2583 saepius
2258 2494 2599 2562 consulant.

580 2606 711 2689 Ille,
757 2629 904 2675 cum
951 2611 1114 2677 inter
1144 2609 1640 2678 deliberationes
1683 2611 1971 2699 politicas
2000 2610 2378 2676 interveniat·
2400 2628 2599 2696 quae-

582 2723 721 2788 stio,
740 2724 933 2811 juris:
982 2724 1062 2805 bi,
1107 2745 1254 2791 cum
1298 2726 1362 2790 in
1407 2724 1703 2813 subjecto
1748 2726 1935 2815 legali
1980 2725 2398 2791 interveniunt
2445 2743 2600 2789 con..

578 2837 998 2905 siderationes
1043 2849 1258 2905 status.
1352 2839 1666 2929 Contingit
1709 2842 1881 2907 enim
1926 2838 2101 2906 haud
2145 2855 2324 2921 raro,
2378 2848 2449 2904 ut
2490 2860 2603 2904 res

574 2953 639 3020 in
685 2953 996 3042 judicium
1057 2953 1334 3022 adducta
1385 2966 1679 3024 versetur
1725 2958 1893 3024 circa
1920 2977 2158 3022 meum
2204 2965 2272 3022 et
2312 2965 2493 3019 tuum
2538 2965 2602 3018 et

574 3067 979 3138 nihilominus
1025 3072 1482 3158 consequentia
1528 3074 1669 3160 ejus
1715 3072 1801 3138 ad
1845 3072 2124 3139 rationes
2168 3081 2370 3136 status
2397 3091 2598 3157 pene-

575 3191 723 3262 tret3
770 3203 900 3250 non
943 3184 1150 3250 solum
1197 3186 1249 3250 si
1297 3186 1454 3273 quid
1494 3187 1579 3252 ad
1602 3187 1750 3273 jura
1778 3186 2017 3275 regalia
2043 3185 2418 3273 impetenda
2448 3205 2593 3273 spe-

496 3323 523 3328 ·>
575 3305 729 3378 ctet;
786 3300 1205 3365 verumetiam
1262 3300 1476 3388 siquid
1531 3303 1998 3371 innovationem
2054 3301 2335 3389 aliquam
2390 3302 2596 3366 minus

573 3420 770 3478 tutam
836 3424 947 3479 aut
1014 3416 1379 3503 exemplum
1436 3417 1867 3504 periculosum
1923 3415 2306 3498 introducat3
2376 3425 2486 3481 aut
2539 3413 2589 3478 si

567 3528 903 3595 manifesto
959 3531 1318 3617 portionem
1373 3532 1656 3620 aliquam
1712 3531 1933 3619 populi
1990 3533 2300 3621 majorem
2353 3537 2587 3617 gravet.

567 3643 791 3730 Neque
840 3645 1183 3734 quisquam
1229 3645 1458 3713 infirmi
1498 3646 1724 3735 judicii
1771 3649 2121 3731 existimet,
2157 3648 2364 3735 justas
2411 3643 2589 3730 leges

569 3756 877 3824 adversus
900 3760 1155 3846 politica
1177 3782 1329 3827 vera
1361 3762 1604 3851 aliquid
1638 3760 2064 3850 anthipatbiae
2096 3760 2364 3829 habere.
2431 3758 2590 3823 Sunt

617 4061 704 4123 78)
740 4057 878 4113 Eod.
916 4059 1020 4115 loc.
1061 4061 1161 4118 No,
1203 4065 1286 4119 11.

614 4147 708 4216 79)
746 4146 884 4202 Eod.
922 4148 1028 4204 loc.
1064 4149 1166 4206 No,
1210 4153 1292 4206 18.

610 4233 702 4306 8⁰)
738 4234 1042 4294 Sermones
1080 4236 1276 4295 fideles
1319 4239 1485 4310 (Tom
1523 4239 1590 4293 X.
1632 4255 1687 4309 p.
1730 4243 1889 4308 145.)ο
1965 4242 2049 4298 De
2087 4239 2277 4297 officio
2303 4237 2533 4306 judicis.
