2998 4863
1353 351 1743 411 „2-

494 524 800 588 illustrata
861 535 1055 610 atque
1111 542 1431 609 perpensa
1461 525 1510 611 ¹)
1574 520 1785 586 denuo
1832 521 1934 586 hic
1979 540 2173 609 agere
2222 542 2603 611 supervaca-

493 658 688 703 neum
728 648 842 703 est.
909 638 1150 703 Novam
1179 638 1391 724 potius
1421 634 1606 701 nobis
1639 636 2027 724 sumpsimus
2056 638 2463 722 provinciam,
2492 637 2603 702 ad-

495 753 638 832 hue,
688 763 1002 842 quatenus
1048 752 1301 829 scimus,
1346 772 1471 817 non
1519 761 1848 817 tractatam
1875 756 1952 837 ²):
1999 771 2252 838 nempe,
2296 763 2364 817 ut
2399 755 2605 841 inqui-

495 889 714 934 ramus
762 886 927 955 quae
978 864 1062 931 de
1108 864 1304 932 rebus
1345 866 1613 953 politicis
1646 867 1918 931 senserit
1948 866 2361 954 philosophus
2391 877 2608 933 noster

500 993 563 1049 et
611 1002 780 1070 quae
827 982 890 1045 in
938 982 1077 1067 ejus
1122 982 1370 1069 scriptis
1419 980 1504 1045 de
1553 981 1673 1046 hac
1703 1002 1776 1045 re
1809 992 2058 1047 exstent
2088 1001 2553 1069 comparemus,

675 1095 772 1161 Ad
841 1094 1019 1183 quod
1089 1095 1420 1161 consilium
1487 1094 1586 1160 his
1655 1096 1928 1161 maxime
1999 1094 2610 1162 considerationibus

502 1212 673 1277 ducti
736 1232 976 1276 sumus·
1077 1211 1528 1298 Reputavimus
1574 1212 1893 1276 Baconem
1952 1211 2153 1276 virum
2202 1212 2364 1299 juris
2417 1222 2611 1300 atque

502 1326 799 1391 historiae
858 1326 1340 1412 peritissimum,
1399 1326 1562 1390 inter
1620 1345 1845 1390 omnes
1892 1328 2317 1392 recentiorum
2365 1339 2614 1415 tempo-

501 1462 645 1506 rum
710 1440 1122 1528 philosophos
1183 1440 1526 1529 plurimum
1582 1440 1641 1503 in
1703 1438 1898 1505 rebus
1958 1441 2225 1527 politicis
2278 1452 2617 1519 versatum,

503 1555 1041 1642 amplissimisque
1074 1553 1549 1642 magistratibus
1581 1554 1865 1620 functum
1892 1558 1960 1645 ³),
1984 1557 2380 1643 aptissimum
2407 1555 2617 1632 fuisse,

504 1671 615 1757 qui
674 1668 757 1733 de
817 1680 953 1735 arte
1014 1670 1272 1756 politica
1332 1668 1699 1738 dissereret.
1803 1670 2254 1757 Reputavimus
2300 1673 2617 1738 Baconem

501 1785 858 1873 principem
906 1805 1053 1850 esse
1101 1784 1625 1873 philosophorum
1670 1783 2043 1872 Anglorum:
2122 1782 2453 1863 Hobbesii,
2498 1783 2619 1849 Fil-

502 1899 691 1978 meri,
738 1902 802 1964 A.
849 1897 1172 1991 Sydneyi,
1216 1900 1464 1985 Lockfi,
1513 1900 1812 1968 Guilel‘mi
1855 1902 2151 1991 Templei,
2196 1900 2421 1981 Humii‚
2465 1900 2622 1966 alio·-

503 2036 662 2094 rum‚
711 2016 818 2105 qui
867 2027 1017 2103 post
1063 2037 1212 2082 eum
1265 2017 1592 2084 doctrinae
1640 2018 1938 2103 politicae
1985 2037 2253 2104 operam
2289 2017 2624 2084 dederunt.

503 2131 966 2220 Reputavimus
1029 2132 1439 2217 principium,
1510 2130 1687 2216 quod
1755 2132 1818 2196 in
1887 2130 2110 2196 studiis
2169 2130 2626 2217 philosophicis

506 2257 766 2309 secutus
812 2244 1029 2320 fuerit,
1078 2244 1539 2327 experientiam
1584 2263 1821 2328 nempe
1868 2243 2271 2318 rationalem,
2329 2242 2623 2326 specula·
2675 2281 2679 2284 >

505 2357 691 2420 tionis
739 2354 1042 2433 amicam,
1088 2355 1316 2419 summi
1367 2353 1673 2418 momenti
1721 2371 1866 2417 esse
1913 2353 1975 2414 in
2023 2351 2292 2436 politice.

682 2470 977 2557 Denique
1042 2491 1157 2536 nos
1216 2470 1437 2564 movit,
1508 2466 1685 2556 quod
1743 2468 1805 2531 in
1863 2485 2062 2553 opere
2118 2464 2422 2543 maximo,
2492 2481 2622 2550 quo

511 2605 736 2651 omnes
786 2584 1153 2671 disciplinas
1199 2594 1453 2662 tractat,
1501 2582 1826 2670 politicen,
1880 2600 2024 2645 cum
2073 2578 2157 2644 ad
2202 2600 2347 2645 eam
2392 2598 2624 2667 perve—

508 2700 691 2778 nerit,
737 2699 984 2764 silentio
1030 2700 1360 2791 praeterit;
1408 2717 1605 2786 quam
1652 2716 1804 2761 vero
1851 2696 2144 2766 lacunam
2192 2714 2273 2760 ex
2319 2694 2456 2768 aliis
2488 2694 2627 2781 ejus

513 2814 794 2902 scriptis,
854 2824 1170 2902 quatenus
1215 2812 1356 2878 fieri
1404 2813 1578 2889 licet,
1627 2810 1890 2899 explere
1937 2821 2223 2876 nostrum
2272 2821 2371 2877 est
2417 2810 2631 2877 consi—

509 2930 681 2998 lium.
775 2931 997 3018 ltaque
1068 2926 1363 2994 omnibus
1418 2929 1687 2992 Baconis
1757 2926 2009 3014 scriptis
2076 2926 2140 2991 in
2207 2926 2377 2993 hunc
2434 2924 2630 2990 finem

515 3087 558 3094 .-

657 3151 715 3219 l)
767 3153 810 3205 J.
868 3150 1269 3206 Schallerus
1336 3149 1718 3220 „Geschichte
1775 3150 1877 3207 der
1931 3147 2462 3220 Naturphilosophie
2518 3161 2633 3203 von

513 3239 690 3293 Baco
738 3253 851 3291 von
889 3238 1148 3292 Verulam
1189 3236 1276 3293 bis
1315 3240 1415 3294 auf
1445 3254 1657 3294 unsere
1695 3239 1834 3296 Zeit.
1883 3238 2095 3292 Tomus
2131 3238 2179 3305 1,
2217 3236 2436 3307 Lipsiae
2474 3238 2633 3295 1841.

513 3322 830 3381 Videndum
872 3340 1104 3395 quoque
1144 3341 1291 3394 quae
1329 3326 1602 3397 HegeliuS‚
1643 3324 2061 3381 Feuerbachius
2100 3323 2169 3380 de
2207 3324 2310 3379 hac
2345 3340 2410 3380 re
2447 3323 2637 3393 dispu—

515 3418 721 3469 tarunt.
799 3411 957 3478 Quae
1004 3412 1265 3485 Joseph
1310 3414 1390 3471 de
1436 3415 1744 3471 Maistre:
1799 3415 2050 3469 Examen
2089 3412 2160 3467 de
2196 3411 2249 3468 la
2284 3408 2636 3482 philosophie

516 3500 589 3558 de
627 3502 834 3557 Bacon.
872 3500 1023 3557 Paris
1061 3505 1203 3561 1836
1237 3504 1294 3560 in
1333 3503 1560 3561 duobus
1598 3503 1807 3560 volum.
1855 3501 2087 3575 protulit
2121 3506 2320 3557 contra
2354 3501 2637 3555 Baconem

517 3604 638 3648 non
675 3588 841 3659 digna
879 3589 1137 3646 videntur
1185 3608 1331 3663 quae
1367 3593 1710 3651 refellantur.

659 3676 727 3747 2)
765 3677 923 3744 Quae
963 3679 1224 3749 Dugald
1265 3682 1562 3739 Stewart
1598 3682 1656 3736 in
1694 3680 2084 3736 dissertatione
2122 3692 2244 3742 sua,
2282 3689 2430 3745 quae
2458 3674 2641 3744 Ency·

520 3763 846 3836 clopaediae
868 3765 1176 3822 Britanicae
1214 3761 1465 3838 praefixa
1503 3773 1605 3826 est:
1666 3766 1945 3838 „General
1968 3764 2128 3820 View
2165 3762 2230 3819 of
2258 3760 2352 3817 the
2373 3761 2640 3830 Progress

520 3852 586 3906 of
603 3851 1000 3926 metaphysical
1039 3854 1151 3909 and
1174 3855 1386 3911 Ethical
1410 3854 1752 3926 Philosophy
1785 3855 1945 3912 since
1982 3847 2075 3906 the
2109 3848 2322 3905 revival
2358 3850 2423 3905 of
2452 3849 2642 3905 lettres

522 3939 580 3995 in
618 3940 883 4014 Europe“
923 3941 994 3999 de
1018 3943 1243 3999 Bacone
1270 3943 1532 4015 disputat,
1571 3939 1963 4013 tantum,·vide
2002 3937 2264 4008 „preface
2300 3941 2356 3994 to
2394 3937 2486 3994 the
2523 3936 2643 3993 first

526 4025 884 4085 dissertation
920 4047 972 4102 p.
1014 4034 1144 4089 ll.“
1192 4031 1260 4085 ad
1310 4031 1447 4103 „the
1485 4031 1712 4108 science
1752 4029 1814 4084 of
1854 4027 2099 4100 politic
2117 4026 2172 4081 al
2215 4029 2642 4098 oeconomy“

524 4119 799 4185 spectant.

666 4204 734 4280 3)
772 4207 908 4265 Vide
947 4208 1350 4265 dissertationis
1396 4206 1583 4266 finem.
