2998 4863
1215 364 1651 436 -25-

458 542 549 609 illi
593 542 875 628 eripere,-
923 549 986 604 at
1024 540 1126 605 eui
1171 539 1564 607 incremento
1610 551 1711 608 est
1755 541 2011 619 novitas,
2057 538 2161 606 ille
2192 539 2480 607 fortunae

459 657 699 746 gratias
738 652 934 720 habet
977 664 1046 719 et
1086 654 1389 741 tem'pori;
1449 655 1553 721 cui
1596 676 1750 723 vero
1793 664 2210 732 nocumentO,
2266 655 2319 720 is
2363 676 2479 722 no-

462 771 666 839 vitatis
707 778 1037 836 auctorem
1081 770 1449 857 injuriarum
1494 770 1787 858 postulat.
1846 767 2116 856 Expedit
2146 779 2482 857 praeterea

464 884 915 973 experimentis
961 884 1141 951 novis
1185 885 1249 950 in
1295 882 1674 971 corporibus
1709 885 1988 975 'politicis
2033 905 2160 951 non
2207 885 2320 963 uti,
2364 885 2482 950 nisi

466 1021 697 1089 urgens
756 998 1085 1067 incumbat
1134 1000 1488 1067 necessitas
1561 1011 1671 1066 aut
1738 1000 2001 1068 evidens
2057 1018 2129 1065 se
2188 998 2485 1065 ostendat

462 1116 723 1185 utilitas:
790 1124 859 1182 et
914 1114 1143 1181 sedulo
1202 1135 1461 1194 cavere,
1529 1129 1600 1181 ut
1653 1113 2258 1181 reformationis
2315 1122 2485 1194 stu-

459 1231 672 1300 dium
730 1231 1283 1297 mutationem‘
1319 1231 1609 1311 inducat,
1682 1251 1809 1297 non
1865 1240 2080 1296 autem
2135 1227 2485 1295 studium

463 1346 930 1414 mutationis
976 1347 1629 1414 reformationem
1672 1353 2022 1433 praetexat.
2094 1344 2265 1429 Quin
2295 1345 2485 1410 etiam

459 1462 728 1541 novitas,
774 1481 969 1550 quam
1014 1463 1283 1550 rejicere
1314 1461 1586 1528 fortasse
1616 1481 1743 1527 non
1777 1460 1981 1540 datur,
2027 1479 2147 1548 pro
2179 1469 2488 1548 suspecta

460 1589 679 1644 tamen
723 1575 948 1645 haberi
995 1576 1242 1645 cohow

417 1697 511 1786 ⁴⁷)
560 1692 883 1779 „Quatuor
926 1712 1080 1759 vero
1127 1702 1273 1759 sunt
1315 1692 1566 1780 imperii
1598 1690 1963 1770 Columnae,
2005 1689 2264 1779 Religio,
2306 1689 2486 1754 lusti-

458 1811 564 1888 tia,
608 1808 976 1885 Consilium,
1020 1807 1248 1891 Opes.“
2421 1806 2426 1811 ’

420 1927 521 2008 ⁴⁸)
564 1918 885 2003 „Regibus
926 1916 1269 1980 intercedit
1313 1916 1638 2002 negotium
1684 1933 1830 1979 cum
1857 1916 2166 1983 Praelatis
2197 1927 2262 1983 et
2284 1916 2486 1996 Cler0‚

467 2052 618 2100 cum
645 2026 1024 2117 proceribus
1069 2031 1276 2119 regni,
1323 2049 1469 2095 cum
1515 2026 1834 2095 nobilibus
1876 2028 2201 2096 secundae
2249 2030 2488 2114 classis,

468 2147 603 2213 sive
634 2145 982 2234 generosis,
1027 2164 1176 2210 cum
1205 2143 1670 2212 mercatoribus
1699 2145 1848 2225 suiS,
1889 2165 2037 2210 cum
2066 2142 2262 2233 plebe
2290 2146 2489 2234 regni,

472 2283 619 2330 cum
665 2258 966 2325 militibus
1008 2260 1157 2324 suis,
1224 2263 1435 2347 Atque
1478 2277 1520 2323 a
1551 2258 1816 2347 singulis
1857 2259 2084 2325 horum
2114 2259 2490 2348 impendent

468 2374 773 2467 pericula,
817 2374 936 2440 nisi
980 2372 1361 2442 adhibeatur
1407 2392 1581 2444 cura.
1673 2371 1999 2459 Quantum
2029 2374 2112 2441 ad
2146 2375 2489 2464 praelatoS,

465 2492 551 2560 ab
592 2493 718 2558 illis
776 2490 999 2564 etiam,
1066 2490 1122 2555 si
1166 2489 1463 2577 potentes
1510 2488 1770 2568 fuerint,
1811 2490 2198 2578 „perieulum
2241 2492 2488 2580 ingruit.

466 2610 544 2674 Ut
607 2606 909 2694 contingit
965 2625 1062 2671 ΒΧ.
1127 2627 1218 2693 gr.
1286 2604 1681 2692 temporibus
1733 2606 2014 2674 Anselmi
2079 2617 2147 2673 et
2210 2606 2488 2674 'rhomae

464 2722 786 2802 Beckettii,
829 2721 1473 2809 Archiepiscoporum
1496 2721 1913 2803 ³Cantuariae,
1960 2742 2231 2811 quorum
2277 2722 2490 2790 baculi

463 2837 827 2927 pastorales
869 2857 1020 2903 cum
1064 2837 1239 2924 regis
1285 2834 1498 2923 gladio
1560 2835 2112 2916 concertaverunt,
2179 2837 2330 2902 licet
2380 2856 2490 2902 res

464 2955 586 3020 illis
630 2952 819 3019 fuerit
863 2971 1015 3016 cum
1056 2947 1320 3037 regibus
1365 2949 1667 3013 animosis
1713 2959 1779 3014 et
1816 2950 2128 3030 fastuosiS,
2175 2933 2490 3016 Guilelmo

462 3069 652 3148 Rufo,
718 3067 994 3133 Henrico
1050 3064 1260 3152 primo
1330 3074 1395 3130 et
1450 3063 1728 3131 Henrico
1784 3063 2092 3132 secundo,
2182 3065 2261 3128 At
2315 3064 2488 3150 peri-

463 3185 680 3250 culum
724 3184 913 3271 hujus
959 3180 1137 3248 modi
1180 3200 1220 3246 a
1262 3180 1566 3269 praelatis
1591 3200 1739 3247 non
1786 3189 1885 3247 est
1914 3199 2308 3270 magnopere
2336 3200 2489 3268 per-

463 3296 961 3375 timescendum,
1028 3297 1148 3362 nisi
1202 3295 1313 3362 ubi
1350 3297 1586 3365 Clerus
1631 3295 1715 3364 ab
1762 3296 2135 3364 auctoritate
2181 3307 2247 3364 et
2290 3293 2488 3363 luris-

465 3411 747 3478 dictione
790 3409 1194 3497 Principatus
1227 3413 1470 3476 externi
1515 3412 1786 3498 pendet;
1834 3423 1943 3479 aut
1985 3411 2098 3477 ubi
2144 3411 2487 3477 ecclesias-

466 3528 572 3594 tici
619 3526 939 3614 eliguntur
980 3543 1021 3588 a
1066 3523 1322 3613 popule,
1368 3544 1494 3590 non
1539 3534 1754 3592 autem
1800 3545 1839 3590 a
1885 3545 2042 3612 rege
2071 3522 2175 3589 vel
2205 3523 2487 3609 patronis

466 3643 904 3731 ecclesiarum.
950 3675 1036 3691 --

644 3759 965 3835 Quantum
1012 3754 1095 3820 ad
1141 3773 1469 3843 procereS,
1518 3764 1664 3821 sunt
1708 3753 1794 3819 illi
1827 3764 2003 3822 certe
2035 3752 2482 3846 cohibendi‘ss’)

426 3885 532 3941 ··et
573 3885 881 3961 tanquam
925 3873 989 3937 in
1027 3873 1200 3960 justa
1246 3868 1543 3939 distantia
1589 3892 1626 3938 a
1671 3872 1831 3938 solio
1860 3871 2059 3962 regali
2103 3870 2480 3940 continendi.

515 4058 606 4129 47)
640 4059 722 4115 De
758 4060 1016 4119 sedition.
1055 4066 1112 4117 et
1146 4060 1340 4117 turbis.

516 4146 606 4220 48)
638 4147 722 4203 De
757 4149 1009 4220 imperio,
1053 4151 1217 4218 (Tom
1253 4150 1307 4204 X
1342 4167 1398 4222 p.
1435 4153 1549 4220 54.)

515 4237 611 4305 49)
655 4234 762 4291 Cfr.
797 4235 1082 4291 historiam
1117 4237 1339 4292 Henrici
1376 4238 1476 4294 Vll.
