2998 4863
1252 376 1691 439 ...53-

462 555 555 638 ⁹³)
604 548 804 629 „Cum
850 568 1004 636 gens
1049 546 1262 634 aliqua
1306 548 1484 634 prius
1542 546 1875 621 bellicosa,
1944 543 2029 608 ad
2086 543 2408 612 mollitiem
2457 558 2519 612 et

506 663 814 730 luxuriam
860 661 1225 749 degenerat,
1273 660 1357 726 de
1402 659 1574 726 bello
1622 672 1794 727 certa
1843 680 1988 726 esse
2035 659 2261 746 possin
2319 670 2517 727 status

509 779 675 844 enim
718 777 877 843 tales
922 775 1318 863 plerumque,
1369 775 1524 841 dum
1558 773 1967 862 degenerant,
2010 793 2168 859 opes
2216 792 2516 841 accumu-

506 895 658 973 lant,
702 891 897 972 ade0,
956 901 1024 955 ut
1069 888 1314 978 praeda
1359 890 1575 955 invitet
1621 899 1685 954 et
1733 887 2070 955 declinatio
2115 886 2338 953 virium
2385 890 2518 953 ani-

508 1019 638 1075 met
680 1017 906 1096 gentes
950 1004 1108 1070 alias
1154 1002 1238 1069 ad
1285 1002 1554 1071 eosdem
1602 1001 2008 1072 invadendos.
2026 1013 2056 1039 “

464 1129 553 1214 ⁹⁶)
600 1123 963 1211 „Opinione
1021 1119 1157 1186 sere
1212 1118 1493 1208 generali
1550 1119 1826 1185 virorum
1874 1116 2151 1183 maxime
2199 1118 2369 1183 circ-a
2412 1140 2520 1184 res

504 1237 770 1305 bellicas
808 1235 1048 1325 judicii,
1093 1234 1289 1301 robur
1334 1234 1754 1323 praecipuum
1799 1231 2116 1298 exercitus
2161 1231 2427 1320 alicujus
2458 1234 2520 1298 in

502 1352 789 1441 peditatu
836 1351 1110 1417 maxime
1159 1351 1456 1417 consistit.
1547 1347 1804 1414 Pedites
1850 1355 2080 1423 autem,
2126 1356 2194 1410 ut
2237 1346 2433 1414 fortes
2458 1358 2523 1413 et

501 1466 791 1533 bellicosi
846 1466 1131 1546 evadant,
1200 1486 1363 1554 opus
1423 1474 1546 1544 est,
1618 1473 1683 1529 ut
1751 1463 1815 1527 in
1882 1458 2241 1527 conditione
2311 1461 2519 1550 aliqua

501 1603 646 1649 non
713 1581 981 1649 servili
1039 1581 1202 1646 auti
1266 1581 1481 1669 nopi,
1554 1577 1675 1645 sed
1741 1574 1996 1642 libera
2057 1585 2135 1641 et
2191 1577 2522 1664 copiosa

502 1698 753 1787 degant2
846 1694 1069 1783 Itaque
1127 1695 1180 1760 si
1238 1694 1415 1783 quod
1470 1715 1740 1782 regnum
1797 1701 1905 1756 aut
1961 1699 2159 1756 status
2219 1691 2279 1755 in
2338 1690 2524 1757 nobi-

500 1814 775 1878 lissimos
821 1820 886 1876 et
931 1827 1284 1894 generosos
1330 1807 1730 1891 potissimum
1787 1817 2144 1871 excrescat:
2204 1805 2521 1892 agricolae

503 1935 721 1989 autem
777 1931 843 1986 et
911 1929 1197 1983 aratores
1254 1918 1397 1983 loco
1451 1927 1696 1982 tantum
1755 1927 1818 1981 et
1876 1914 2235 1983 conditione
2294 1938 2520 2004 opera-

508 2038 748 2101 riorum
804 2032 922 2097 illis
982 2031 1322 2096 inserviant
1377 2039 1484 2094 aut
1531 2029 1693 2095 sorte
1740 2029 2105 2117 tuguriastri
2151 2033 2311 2097 meri
2358 2034 2523 2099 exis-

508 2161 641 2217 tant
703 2147 847 2237 (qui
901 2166 1021 2233 pro
1079 2143 1389 2211 mendicis
1432 2154 1606 2211 tecto
1653 2145 1971 2233 coopertis
2016 2154 2257 2211 tantum
2300 2146 2527 2213 haberi

509 2269 804 2353 possunt)
876 2262 1159 2349 equitatu
1220 2269 1396 2326 certe
1455 2259 1700 2346 pollere
1754 2260 1984 2346 possit,
2051 2259 2172 2326 sed
2240 2261 2526 2349 peditatu

504 2379 791 2458 minime;
857 2387 1164 2466 tanquam
1222 2375 1416 2443 silvae
1475 2375 1791 2456 caducae,
1859 2395 2027 2464 quae
2074 2375 2128 2442 si
2187 2374 2522 2445 arboribus

504 2491 949 2585 grandioribus
1005 2490 1361 2572 abundent,
1430 2492 1661 2558 dumos
1721 2502 1786 2558 et
1840 2513 2074 2580 vepres
2127 2495 2522 2583 progignent,

498 2611 667 2700 ligna
713 2617 928 2676 autem
973 2607 1231 2697 puriora
1276 2629 1402 2674 non
1450 2607 1780 2675 educent.“
1827 2649 1906 2660 —

455 2729 546 2817 ⁹⁷)
594 2724 765 2805 „Sea
821 2725 1106 2812 captains
1163 2722 1292 2789 and
1350 2725 1801 2790 commanders
1858 2723 1986 2790 and
2034 2723 2217 2790 other
2263 2723 2517 2791 officers

495 2849 666 2905 must
721 2838 807 2904 be
865 2837 1299 2925 encouraged,
1366 2837 1494 2902 and
1552 2839 1680 2904 rise
1736 2836 1827 2925 by
1887 2838 2189 2923 degreeS,
2237 2856 2309 2902 as
2357 2838 2519 2903 their

498 2953 745 3041 fidelity
790 2950 918 3017 and
963 2951 1254 3040 industry
1301 2949 1573 3015 deserve
1619 2951 1716 3014 it.“
1761 2988 1849 2999 -

675 3066 822 3146 „Let
866 3065 1063 3131 brave
1110 3064 1338 3153 spirits,
1386 3064 1519 3129 that
1547 3063 1710 3129 have
1756 3062 1935 3128 fitted
1984 3062 2388 3134 themselves
2419 3064 2516 3131 for

500 3179 867 3259 command,
932 3181 1133 3248 either
1186 3179 1273 3272 by
1325 3200 1438 3247 sea
1485 3202 1559 3246 or
1602 3179 1787 3259 land,
1835 3190 1943 3245 not
1987 3177 2073 3245 be
2119 3178 2247 3244 laid
2292 3178 2399 3271 by,
2445 3201 2518 3248 as

499 3314 735 3383 person
788 3315 1225 3387 unnecessary
1281 3297 1379 3363 sor
1434 3296 1542 3364 the
1599 3297 1781 3363 time:
1850 3296 1938 3362 let
1993 3316 2164 3361 arms
2209 3295 2334 3362 and
2380 3317 2517 3362 am-

501 3408 801 3475 munition
869 3409 940 3473 of
991 3409 1072 3474 all
1129 3422 1295 3477 sorts
1354 3411 1438 3477 be
1486 3409 1800 3499 provided
1846 3410 1971 3474 and
2016 3410 2236 3476 stored
2298 3433 2383 3497 up
2442 3432 2513 3476 as

497 3525 742 3615 against
799 3542 837 3587 a
894 3521 1024 3613 day
1081 3525 1152 3589 of
1201 3524 1423 3604 battle;
1492 3524 1580 3589 let
1637 3524 1744 3589 the
1800 3533 1977 3610 ports
2035 3521 2162 3588 and
2218 3523 2372 3589 forts
2428 3523 2514 3591 be

496 3639 678 3707 fitted
724 3659 823 3718 s0,
891 3659 963 3705 as
1010 3638 1059 3703 is
1096 3637 1185 3731 by
1231 3638 1338 3704 the
1385 3648 1534 3704 next
1581 3637 1750 3704 wind
1798 3659 1897 3704 we
1952 3637 2182 3704 should
2238 3638 2392 3706 hear
2452 3641 2524 3706 of

497 3778 578 3823 an
635 3757 863 3835 alarm;
942 3753 1100 3820 such
1157 3776 1195 3820 a
1253 3752 1486 3820 known
1557 3752 1947 3841 providence
2014 3754 2067 3821 is
2137 3754 2242 3821 the
2305 3767 2515 3824 surest

493 3871 905 3959 protection.“
949 3910 1016 3920 -

405 4012 457 4020 ..-

546 4056 636 4129 95)
671 4056 809 4115 Eod.
846 4058 953 4113 loc.
992 4074 1043 4127 p.
1087 4060 1206 4114 152.

545 4147 640 4213 96)
681 4146 910 4202 Historia
949 4145 1169 4201 Henrici
1209 4145 1308 4201 Vll.
1344 4164 1400 4218 p.
1439 4151 1579 4205 1038
1616 4149 1766 4219 (Bac.
1806 4165 1895 4219 op.
1932 4162 2083 4202 omn.
2122 4145 2384 4216 Hafniae).

546 4235 640 4302 97)
684 4232 892 4290 Advice
928 4235 987 4293 V.
1031 4238 1098 4294 13
1133 4236 1287 4300 Tom.
1326 4234 1408 4290 111.
1446 4238 1567 4295 451.
