2998 4863
1262 393 1701 458 ...51-

435 570 619 634 etin
660 567 938 633 virium
969 586 1282 631 suarum
1316 564 1898 630 exercitatione
1923 572 2303 650 perpetua
2333 563 2533 628 sitae

435 691 609 749 sunt
657 701 847 770 opes
894 692 968 747 et
1010 681 1337 748 divitiae
1387 678 1761 757 civitatiS,
1796 675 2367 765 providendum
2400 687 2534 760 est,

438 818 531 863 ne
591 796 750 861 ulla
806 817 987 883 pars
1044 796 1414 884 quiescat
1471 804 1545 859 et
1606 789 1972 859 desidiae
2013 790 2211 856 ‘sese
2269 788 2535 869 dedat;

437 911 607 977 haec
654 931 912 998 quoque
961 921 1059 991 est
1105 928 1299 978 causa
1345 913 1567 996 (quam
1599 909 1769 973 Baco
1816 926 1940 971 non
1984 906 2238 992 penitus
2271 924 2532 992 perspe-

435 1026 547 1114 xit)
593 1023 765 1113 quod
812 1024 1088 1112 pecunia
1133 1023 1394 1089 foenore
1438 1019 1816 1109 occupanda
1848 1031 1961 1085 est.
2038 1020 2195 1083 Nam
2229 1018 2537 1106 pecuniae

438 1161 563 1205 non
612 1138 854 1205 debent
901 1158 1047 1204 esse
1094 1158 1220 1203 non
1267 1137 1558 1214 effiaceS,
1604 1156 1728 1203 non
1777 1132 2015 1200 debent
2052 1134 2274 1221 jacere
2322 1144 2385 1198 et
2429 1154 2539 1199 va-

435 1274 604 1338 care,
650 1254 767 1320 sed
818 1273 961 1318 cum
1011 1252 1132 1318 sint
1178 1273 1326 1340 pars
1375 1251 1731 1318 divitiarum
1762 1248 2045 1330 civitatiS,
2091 1246 2538 1314 exercitandae

433 1377 497 1432 et
555 1365 640 1432 ad
699 1386 1107 1433 communem
1160 1368 1492 1433 utilitatem
1541 1362 1947 1431 adhibendae
1994 1373 2165 1444 sunt3
2226 1363 2275 1429 si
2323 1373 2540 1428 autem

431 1482 695 1549 foenore
742 1494 1147 1571 occupantur,
1194 1484 1280 1548 ita
1327 1501 1439 1549 eas
1486 1478 1779 1545 adhiberi
1826 1498 2097 1545 necesse
2146 1488 2261 1556 est,
2306 1486 2375 1541 ut
2422 1477 2541 1541 du-

433 1597 667 1684 plicem
725 1608 1105 1685 proventum
1165 1597 1469 1676 efficiant,
1541 1606 1605 1661 et
1663 1595 1747 1674 ei,
1809 1595 1915 1683 qui
1975 1593 2202 1660 sumsit
2257 1591 2542 1674 foenore,

437 1722 501 1777 et
546 1714 633 1793 ei,
690 1715 799 1802 qui
857 1713 1034 1780 dedit
1093 1714 1353 1780 foenori.
1459 1709 1860 1776 Commercio
1917 1709 2057 1795 ipso
2117 1705 2415 1789 efficitur,
2470 1717 2541 1771 ut

433 1826 715 1892 nonnulli
761 1825 993 1911 opibus
1041 1835 1106 1890 et
1153 1825 1378 1890 divitiis
1427 1832 1722 1887 caeteros
1770 1832 2092 1906 superent,
2138 1822 2256 1887 sed
2286 1843 2368 1888 ne
2401 1823 2540 1887 inu-

436 1940 582 2004 tiles
630 1939 753 2002 sint
794 1938 917 2001 hae
967 1935 1219 2001 divitiae
1267 1948 1331 2000 et
1377 1935 1513 2000 sine
1559 1934 1762 1998 fructu
1812 1943 1877 1998 et
1921 1954 1958 1998 a
2006 1936 2323 2000 communi
2368 1955 2544 2000 com-

436 2049 635 2116 modo
692 2059 1011 2132 remotae,
1083 2049 1329 2115 foenori
1388 2047 1643 2114 dandae
1696 2058 1868 2128 sunt;
1938 2067 2148 2136 eaque
2209 2047 2291 2114 de
2351 2068 2547 2114 causa

441 2165 734 2254 quaestio
784 2164 890 2230 illa
937 2164 1019 2230 de
1067 2164 1347 2243 foenore,
1395 2183 1586 2252 quam
1620 2164 1789 2229 Baco
1837 2163 2044 2245 movit,
2092 2163 2293 2230 otiosa
2339 2173 2437 2230 est
2483 2174 2546 2229 et

439 2298 913 2367 supervacanea
977 2290 1040 2346 et
1097 2300 1236 2344 rem
1291 2278 1371 2344 ab
1431 2300 1511 2345 eo
1566 2276 1850 2344 nondum
1905 2288 2082 2344 recte
2137 2289 2545 2366 perspectam

438 2393 643 2475 docet,
688 2393 974 2483 quamvis
1023 2412 1130 2477 ea,
1175 2414 1343 2482 quae
1391 2393 1473 2461 ad
1520 2394 1793 2482 primam
1828 2394 2206 2460 sententiam
2237 2393 2542 2461 tuendam

434 2510 701 2598 profert,
752 2530 879 2576 non
925 2510 1060 2575 sine
1111 2528 1341 2598 magno
1389 2511 1684 2578 acumine
1735 2509 2050 2603 disputata
2097 2511 2243 2577 sint:
2294 2510 2415 2577 sed
2460 2509 2546 2577 ad

435 2624 624 2713 longe
681 2623 854 2720 aliud
909 2646 1113 2715 genus
1172 2624 1610 2714 disputationis
1666 2625 2004 2713 pertinent.
2107 2627 2184 2691 Ut
2229 2626 2414 2714 igitur
2460 2624 2545 2690 ad

432 2740 499 2805 id
556 2740 929 2823 redeamuS,
982 2739 1158 2806 unde
1217 2740 1486 2828 profecti
1540 2760 1788 2814 sumus,
1847 2741 2108 2807 consilia
2163 2762 2331 2829 quae
2376 2742 2545 2807 Baco

435 2853 543 2920 dat
604 2854 686 2919 ad
737 2855 1198 2920 commercium
1244 2853 1681 2940 adjuvandum
1727 2854 1991 2919 mirifice
2038 2854 2270 2918 faciunt
2315 2854 2399 2918 ad
2433 2875 2547 2918 ne-

435 2966 842 3055 gotiationem
892 2968 1072 3034 brevi
1103 2978 1393 3055 tempore
1427 2965 1800 3053 erigendam
1832 2963 2351 3054 augendamque;
2398 2988 2546 3031 mox

433 3083 487 3148 si
545 3079 794 3148 divitiae
844 3082 1072 3150 civium
1131 3093 1195 3149 et
1250 3081 1645 3169 reipublicae
1702 3091 1927 3146 auctae
1988 3089 2156 3160 sunt,
2224 3081 2403 3169 leges
2463 3079 2546 3146 ad

338 3287 351 3295 .
436 3198 943 3283 importationem
1013 3196 1491 3287 impediendam
1549 3197 1899 3285 paullulum
1965 3196 2193 3262 remitti
2261 3207 2545 3284 possunt,

437 3322 505 3377 ut
572 3312 776 3399 major
839 3309 1102 3380 libertas
1171 3313 1703 3402 negotiationibus
1768 3312 2170 3380 concedatur.
2272 3315 2432 3379 Nam
2494 3313 2545 3378 si

437 3426 713 3494 consiliis
782 3426 901 3491 illis
971 3427 1140 3493 initia
1198 3438 1406 3505 aucta,
1477 3437 1541 3492 et
1598 3449 1866 3516 magnae
1927 3427 2175 3493 divitiae
2236 3428 2544 3493 collectae

435 3552 606 3622 sunt,
659 3538 910 3629 legibus
965 3540 1432 3613 liberalioribus
1491 3563 1650 3629 opes
1704 3544 1766 3608 in
1814 3541 1952 3608 dies
1999 3543 2390 3607 incrementa
2438 3560 2545 3606 ca-

435 3659 630 3746 piunt.
703 3658 917 3736 Quare
964 3678 1089 3723 non
1133 3656 1591 3744 vituperandus
1639 3668 1777 3725 erat
1805 3658 1973 3724 Baco
2020 3655 2101 3722 ab
2126 3656 2339 3745 Anglis
2386 3678 2545 3723 non-

435 3773 620 3840 nullis
644 3775 776 3864 106),
833 3772 1008 3861 quod
1063 3772 1423 3841 libertatem
1470 3784 1873 3841 mercaturae
1921 3773 2207 3841 coerceri
2255 3772 2545 3856 voluerit3

436 3961 848 3971 u————-——-—-—.—-..

580 4073 700 4147 106)
737 4075 1000 4144 „Bacons
1037 4078 1264 4133 notions
1289 4079 1425 4135 with
1455 4085 1685 4152 respect
1709 4085 1765 4136 to
1791 4079 2148 4136 commercia}
2171 4078 2362 4150 poliey
2386 4092 2542 4133 seem

435 4166 492 4215 to
530 4160 672 4215 have
709 4161 855 4218 been
892 4180 1052 4221 more
1090 4166 1399 4239 peculiarly
1436 4183 1776 4237 erroneous;
1815 4166 2143 4238 originating
2177 4166 2235 4220 in
2273 4182 2344 4220 an
2382 4181 2544 4220 over-

436 4248 698 4319 meening
734 4251 964 4322 opinion
1004 4254 1068 4310 of
1098 4254 1192 4311 the
1230 4254 1464 4327 efficacy
1503 4257 1566 4312 of
1596 4256 1721 4326 law,
1760 4256 1817 4311 in
1845 4259 2091 4322 manem,
2129 4269 2287 4309 were
2327 4252 2544 4309 natural
