2998 4863
1395 356 1833 422 -18—

559 527 895 608 sententia,
943 548 1137 617 quam
1182 531 1246 594 in
1291 549 1494 617 opere
1543 532 1644 599 cui
1687 531 1902 597 titulus
1947 542 2047 599 est
2076 536 2419 604 Leviathan
2457 537 2657 606 fusius

559 643 867 729 exposuit.

733 757 916 825 Nulla
959 756 1134 846 apud
1175 760 1496 829 Baconem
1542 763 1807 850 vestigia
1849 759 1979 826 ficti
2021 761 2203 841 illius,
2248 785 2447 853 quem
2488 767 2658 835 Hob..

558 870 777 939 besius
807 871 1066 958 profert,
1110 883 1309 942 status
1338 877 1661 957 naturalis
1707 877 1819 964 qui
1849 874 2093 943 bellum
2124 877 2322 944 fuisse
2355 884 2661 969 cogitatur

560 988 842 1055 omnium
898 996 1120 1052 contra
1178 1010 1433 1073 omnes,
1489 991 1664 1058 nulla
1713 993 1979 1081 vestigia
2021 1002 2355 1081 pactorum
2396 994 2663 1077 illorum,

561 1100 793 1188 quibus
872 1099 1162 1168 homines
1237 1122 1309 1168 se
1375 1105 1649 1172 invicem
1716 1104 2226 1189 obstrinxissent,
2308 1122 2664 1178 occurrunt.

560 1215 742 1300 Quae
790 1215 845 1280 si
879 1215 1047 1283 Baco
1095 1217 1428 1299 audiisset,
1486 1221 1652 1287 inter
1694 1222 2200 1310 anticipationes,
2259 1242 2421 1313 quas
2465 1236 2665 1306 vocat,

560 1338 628 1395 et
658 1351 861 1420 nugas
892 1332 1234 1404 retulisset.
1304 1331 1610 1400 Hobbesii
1644 1334 1727 1400 de
1757 1334 2088 1423 republica
2121 1338 2407 1405 doctrina
2434 1359 2665 1407 neces-

561 1444 729 1512 sario
784 1448 1035 1515 vinculo
1094 1450 1448 1515 continetur
1505 1469 1652 1514 cum
1708 1450 2147 1539 philosophiae
2205 1456 2344 1544 ejus
2400 1454 2666 1543 legibuS,

562 1579 708 1626 cum
753 1560 907 1625 nihil
951 1562 1123 1626 aliud
1168 1583 1285 1649 pro
1329 1582 1483 1628 vero
1529 1562 1782 1647 habeat,
1835 1587 2031 1656 quam
2075 1568 2254 1658 quod
2296 1571 2361 1636 in
2405 1590 2668 1637 sensum

561 1673 731 1739 cadit
747 1678 846 1760 ³¹).
936 1674 1206 1740 Baconis
1252 1674 1543 1744 doctrina
1591 1699 1671 1745 ex
1718 1682 1856 1769 ejus
1902 1683 2173 1772 sapienti
2202 1695 2398 1774 atque
2436 1684 2665 1752 intelli-

556 1785 728 1873 genti
773 1795 1037 1851 naturae
1088 1791 1624 1879 contemplatione
1669 1806 1808 1863 orta
1854 1809 1968 1865 est.

731 1900 1035 1977 Quamvis
1083 1925 1163 1970 ex
1205 1905 1325 1992 his,
1372 1929 1541 1997 quae
1589 1909 1675 1977 de
1716 1912 1988 1981 Baconis
2019 1915 2349 1982 sententiis
2380 1914 2466 1982 ad
2493 1936 2667 1982 rem-

555 2012 879 2101 publicam
944 2021 1408 2105 pertinentibus
1477 2025 1828 2107 attulimus,
1896 2029 2085 2095 facile
2151 2031 2412 2119 intelligi
2463 2031 2669 2109 licoat,

559 2139 866 2218 quantum
912 2129 1162 2199 differat
1213 2136 1378 2203 inter
1424 2139 1565 2225 ejus
1611 2153 1677 2206 et
1720 2141 2033 2228 Spinozae
2078 2154 2393 2233 systema;
2452 2154 2670 2210 tamen

553 2245 836 2321 nonnulli
895 2260 1238 2313 occurrunt
1294 2249 1445 2329 loci,
1518 2254 1628 2338 qui
1686 2256 2065 2318 sententiam
2121 2254 2435 2339 Spinozae
2492 2254 2668 2320 simi-

556 2358 685 2425 lem
728 2359 1025 2427 reddunt.

685 2515 690 2520 ·
734 2475 896 2544 Cum
951 2480 1122 2547 enim
1163 2481 1332 2546 Baco
1390 2500 1472 2546 ex
1530 2478 1702 2545 omni
1754 2490 1941 2567 parte
2000 2480 2279 2544 internas
2325 2477 2505 2566 leges
2548 2497 2666 2545 na-

558 2601 738 2658 turae
770 2593 1138 2661 consideret
1167 2605 1360 2683 atque
1394 2593 2005 2681 consanguinitatem
2034 2602 2303 2660 naturae
2335 2613 2487 2660 cum
2512 2614 2665 2683 per-

555 2707 905 2776 fectissimo
950 2708 1208 2774 humani
1253 2710 1509 2796 generis
1541 2729 1763 2796 opere,
1805 2710 2105 2775 nimirum
2137 2729 2284 2775 cum
2318 2706 2667 2796 republica,

557 2821 680 2890 hac
725 2825 827 2892 via
855 2824 1189 2904 invenerit;
1236 2823 1328 2888 sic
1373 2834 1442 2889 ut
1485 2825 1551 2890 in
1594 2834 1834 2905 natura,
1878 2825 1965 2891 ita
2011 2825 2202 2892 etiam
2247 2825 2312 2891 in
2357 2823 2665 2913 operibus

559 2940 793 3029 ingenii
849 2940 1107 3008 humani
1163 2960 1484 3007 summum
1539 2939 1858 3022 ordinem,
1917 2941 2029 3030 qui
2074 2941 2288 3007 omnia
2331 2939 2664 3029 gubernat,

555 3059 821 3144 reperit:

561 3335 761 3389 confer
803 3352 860 3407 p.
906 3339 993 3393 22.
1077 3339 1227 3408 „Illis
1276 3342 1625 3413 temporibus
1674 3345 1811 3401 1610
1853 3341 1911 3396 in
1947 3339 2242 3396 amicitiam
2278 3345 2544 3413 receptus
2582 3344 2670 3396 est

557 3420 811 3478 Hobbius
846 3421 1131 3482 Francisci
1166 3427 1405 3487 Baconis
1442 3475 1457 3490 .
1498 3475 1512 3489 .
1553 3471 1567 3485 .
1607 3474 1620 3487 .
1657 3428 2049 3502 Philosophiae
2085 3426 2340 3498 Atlantis,
2390 3429 2488 3499 qni
2522 3426 2667 3481 illius

560 3510 972 3570 consuetudine
1025 3530 1369 3588 magnopere
1424 3517 1731 3575 delectatus
1776 3523 1863 3576 est
1907 3522 1964 3574 et
2008 3516 2078 3573 ab
2124 3518 2249 3588 ipso
2284 3517 2347 3573 in
2382 3512 2669 3572 nonnullis

558 3597 781 3668 scriptis
818 3601 938 3657 suis
974 3602 1140 3660 latine
1179 3604 1462 3661 vertendis
1501 3604 1750 3677 adjutus,
1787 3607 2075 3663 neminem
2111 3605 2347 3675 cogitata
2381 3612 2486 3658 sua
2518 3605 2669 3658 tanta

558 3686 813 3743 facilitate
851 3691 1179 3762 concipere,
1230 3697 1398 3764 atque
1443 3692 1712 3751 Thomam
1747 3692 2053 3764 Hobbium‚
2089 3694 2306 3764 passim
2340 3686 2670 3762 praedicare

557 3773 756 3831 solitus
793 3778 930 3832 est.“

698 3862 791 3937 31)
844 3864 1135 3934 „Scientia
1184 3874 1240 3925 et
1283 3871 1597 3929 intellectus
1643 3873 1704 3927 in
1747 3870 1913 3926 nobis
1957 3867 2093 3924 nihil
2138 3866 2288 3923 aliud
2332 3870 2443 3936 est,
2499 3880 2670 3936 quam

559 3952 861 4008 suscitatus
922 3970 955 4009 a
1005 3953 1181 4011 rebus
1237 3960 1485 4015 externis
1540 3974 1749 4030 organa
1802 3956 2192 4029 prementibus
2247 3955 2419 4012 animi
2469 3952 2672 4010 tumul·

560 4041 703 4094 tus.“
785 4038 926 4098 haec
973 4047 1028 4098 et
1073 4044 1269 4100 similia
1302 4045 1503 4115 multa,
1551 4063 1701 4118 quae
1733 4060 1982 4116 merum,
2031 4060 2202 4117 quem
2240 4043 2456 4115 dicunt,
2502 4041 2668 4099 Mate-

560 4126 867 4187 rialismum
911 4131 1186 4202 sentiunt,
1241 4133 1508 4192 Hobbesii
1552 4150 1753 4207 opera,
1810 4133 1899 4190 vel
1952 4132 2142 4190 obiter·
2180 4132 2522 4207 inspicienti,
2578 4143 2669 4186 oc·

562 4221 849 4277 currunt.“
